1721 3041
281 286 367 359 54
531 283 774 348 ‘Suc-rm
819 286 866 344 Ι.
914 305 992 345 DE
1036 305 1291 348 nomms

407 460 735 521 Foramen
777 460 1122 516 incisivum
1152 475 1320 537 pone
1346 454 1568 516 dentes

289 548 593 627 primores
636 547 995 624 superiores.
1033 542 1272 600 homini
1318 540 1574 622 quidem

290 651 434 690 cum
492 628 1002 711 quadrupedibus
1068 646 1405 686 commune
1461 640 1574 697 est,

292 733 409 796 pro
437 718 729 795 portione
785 730 994 771 tamen
1036 716 1269 784 minUS,
1328 723 1394 769 et‘
1433 714 1575 768 sim-

285 799 451 881 pleX,
501 820 645 858 cum
671 802 736 855 in
768 797 1081 879 plerisque
1120 800 1342 856 ceteris
1381 815 1576 853 mam-

289 883 554 943 malibus
581 882 815 963 duplex
832 887 909 941 sit
938 899 1002 942 et
1033 887 1099 941 in
1127 881 1335 942 multis
1361 884 1575 962 ingen-

289 972 365 1030 tis
398 967 860 1052 magnitudinis,
1452 979 1454 983 ’

802 1181 863 1263 5.
962 1181 1056 1241 15.

588 1329 676 1386 Os
719 1324 1271 1385 intermaxillczre.
1349 1387 1352 1389 μ

415 1464 842 1532 Memorabilis
886 1472 1035 1529 ossis
1081 1491 1214 1527 non
1254 1488 1446 1525 unam
1485 1461 1572 1526 ob

293 1580 573 1619 caussam
630 1560 888 1615 seorsim
935 1559 1173 1612 mentio
1234 1552 1571 1630 injicienda

291 1661 401 1704 est.
495 1644 675 1719 Quae
706 1645 959 1700 enimin
987 1639 1244 1698 homine
1276 1642 1572 1718 contigua

290 1729 410 1788 sibi
462 1744 608 1786 sunt
667 1747 801 1784 ossa
870 1723 1159 1783 maxillae
1213 1725 1568 1802 superioriS,

292 1831 641 1894 omnesque
692 1832 765 1869 ac
799 1808 1074 1889 singulos
1116 1807 1335 1865 dentes
1385 1828 1566 1888 supe-

291 1902 488 1957 riores
536 1893 759 1956 infixos
797 1909 1047 1966 tenent,
1110 1898 1175 1953 in
1214 1892 1407 1951 brutis
1460 1913 1567 1950 an-

290 1999 563 2040 trorsum
595 1985 780 2039 tertio
822 1979 1098 2061 quodam
1137 1976 1434 2057 singulari
1470 1998 1565 2036 os-

285 2087 353 2125 se
381 2070 565 2125 cunei
589 2068 655 2122 in
681 2064 943 2121 modum
969 2067 1110 2142 ipsis
1135 2063 1463 2137 interjecto
1483 2061 1561 2119 ab

284 2154 554 2210 invicem
619 2163 1023 2228 separantur,
1122 2150 1222 2203 cui
1246 2145 1247 2148 '
1273 2145 1564 2205 Hallerus

283 2233 432 2295 ideo
464 2232 638 2316 quo-d
677 2233 892 2290 dentes
945 2234 1241 2290 incisores
1282 2235 1560 2310 superio-

282 2340 381 2379 res
400 2323 441 2392 ,ζ
455 2325 501 2378 si
527 2322 643 2400 qui
664 2317 905 2390 adsint)
948 2320 1062 2395 ipsi
1107 2314 1418 2374 insideant
1464 2337 1558 2374 osa

281 2407 362 2462 sis
406 2407 639 2463 incisivi
677 2423 911 2461 nomen
952 2400 1142 2460 dedita
1253 2401 1334 2458 At
1391 2405 1558 2459 enim.

275 2507 425 2550 vero
460 2510 603 2550 cum
637 2505 699 2549 et
746 2492 811 2548 in
851 2491 921 2550 iis
971 2490 1319 2568 reperiatur
1362 2506 1556 2544 mam-

1379 2568 1553 2629 mali-
