1721 3041
322 277 406 368 9o
449 283 665 346 δερ-τεο
689 285 761 345 ΙΙ.
788 305 868 344 DE
901 303 1119 345 cAussis
1150 306 1452 360 Momsoma

319 460 507 539 guine
546 457 842 514 arterioso
888 475 999 535 pel
1042 459 1394 540 universum
1444 476 1577 514 cor-

316 562 431 623 pus
472 539 881 612 distribuitur,
948 562 1060 621 pro
1096 545 1386 621 poltione
1428 561 1575 599 vero

317 626 499 702 hujus
558 629 742 706 partis
806 624 925 682 alia
985 642 1200 684 contla
1268 624 1578 683 elementa

315 708 464 768 hino
497 709 837 769 liberantur
869 726 932 768 et
959 715 1182 791 partim
1218 709 1298 768 ad
1340 715 1578 790 integu-

314 811 526 855 menta
546 798 820 875 corporis
844 796 1232 877 peripherica
1255 794 1579 876 deponun-

312 894 432 952 tur,
478 883 712 959 partius
740 884 952 937 venosi
987 884 1296 960 sanguinis
1340 880 1575 936 fluento

313 963 394 1023 ad
421 968 654 1023 viscera
678 967 1069 1044 respiratoria
1101 964 1509 1023 revehuntur:

438 1107 584 1165 hinc
607 1110 915 1185 sanguinis
940 1109 1125 1182 ipsius
1151 1110 1354 1162 variae
1381 1105 1580 1163 modia

309 1189 648 1262 ficationeS,
696 1190 1043 1268 harumque
1089 1190 1153 1243 in
1200 1193 1577 1248 secretiones

308 1274 677 1345 humorum,
763 1274 1125 1353 praesertim
1199 1271 1576 1346 oleosorum,

308 1357 532 1438 adipis,
595 1356 729 1417 bilis
768 1372 885 1416 etc.
938 1355 1357 1417 memorabilis
1401 1357 1576 1420 influ-

304 1464 448 1505 :xusz

436 1573 583 1631 hino
639 1571 911 1653 denique
979 1571 1206 1630 horum
1276 1576 1572 1645 omnium,

307 1675 605 1738 tanquam
632 1656 896 1715 totidem
936 1657 1345 1714 stimulorum
1382 1662 1447 1714 in
1477 1679 1574 1715 so-

305 1742 504 1804 lidum
531 1746 735 1798 vivum
768 1745 950 1811 actiO,
997 1739 1271 1820 indeque
1291 1740 1569 1821 pendens

306 1841 441 1886 tum
467 1825 645 1901 hujus
667 1823 848 1887 solidi
874 1828 1112 1884 actuosi
1132 1830 1384 1900 reaotio,
1418 1842 1568 1900 tum,

306 1909 482 1991 quod
524 1913 807 1990 proxime
859 1908 938 1966 ad
984 1925 1260 1968 nostram
1305 1910 1573 1990 disputa-

304 2000 545 2052 tionem
572 1998 809 2067 attinet,
856 2016 898 2051 n
924 1997 944 2050 i
969 2015 994 2050 s
1021 2017 1062 2050 u
1087 2017 1112 2051 s
1156 1992 1187 2049 f
1206 2016 1242 2051 o
1271 2017 1301 2051 r
1328 2018 1390 2052 m
1416 2018 1451 2052 a
1479 2013 1503 2053 t
1526 2000 1571 2053 i-

304 2082 387 2137 vi
433 2077 692 2138 directio
726 2092 788 2138 et
824 2074 1279 2137 determinatio.

428 2227 650 2305 Ingens
688 2223 791 2284 hic
829 2239 892 2282 et
933 2241 1271 2304 perpetuus
1315 2225 1568 2287 climatis

305 2316 371 2374 in
400 2313 839 2368 oeconomiam
867 2309 1196 2367 animalem
1246 2327 1308 2368 et
1347 2333 1568 2392 colpo-

305 2401 386 2459 ris
418 2393 698 2452 habitum
740 2409 801 2451 et
850 2391 1411 2456 conformationem
1456 2419 1567 2494 po-

306 2495 491 2544 testas
519 2481 630 2539 etsi
655 2478 828 2538 nullo
859 2500 990 2539 non
1016 2500 1169 2541 aevo
1201 2477 1278 2540 ab
1320 2486 1564 2538 attentis

1360 2564 1568 2623 obgel-
