1721 3041
234 354 238 359 ,
314 318 821 358 DEGENERATIONE
855 320 919 364 ιΝ
944 318 1160 361 εΡΕοῙΕ.
1251 303 1373 384 237

98 469 271 551 -apud
343 469 754 530 Morlachicas
840 473 912 540 u)
982 466 1374 533 observatam

95 576 260 614 esse.

229 687 458 745 Caussa
485 689 753 745 maxime
794 685 858 744 in
893 703 1072 746 more
1106 685 1374 748 infantes

98 766 286 829 dorso
343 774 552 828 matris
617 771 1012 831 inhaerentes
1077 771 1372 845 lactandi,

95 856 322 937 partim
353 856 539 913 etiam
569 859 634 912 in
659 855 765 913 diu
788 872 850 914 et
874 877 986 936 per
1018 854 1227 937 plures
1269 879 1375 914 an-

91 962 208 999 nos
240 944 604 998 continuata
652 938 1023 1012 laetatione,
1071 959 1376 1020 quaeren-

97 1024 177 1082 da
202 1019 465 1082 videtur.
555 1025 689 1080 Imo
729 1044 878 1082 vero
921 1027 1145 1104 passim
1186 1027 1376 1083 etiam

96 1108 358 1168 artificio
427 1106 747 1187 elongatae
818 1107 1003 1168 fuisse
1074 1127 1377 1169 mammas

98 1193 265 1272 apud
308 1187 576 1272 populos
628 1196 736 1272 qui
776 1213 915 1251 eam
953 1191 1376 1272 prolixitatem

95 1277 378 1357 pulcram
446 1280 832 1351 censuerint,
890 1277 1157 1336 relatum
1225 1273 1375 1359 legi-

95 1379 232 1419 mus
270 1366 372 1428 w).

1196 1443 1375 1506 Aliae

233 1565 351 1635 „the
377 1586 504 1641 way,
542 1587 597 1620 ον
620 1567 810 1640 zoyling
830 1586 881 1624 at
901 1568 1048 1635 home,
1086 1593 1228 1642 carrzy
1245 1572 1375 1625 their

234 1639 463 1702 „Infants
493 1638 634 1689 about
673 1640 800 1688 tlzeir
846 1643 1034 1702 neckar,
1071 1645 1165 1694 and
1195 1636 1375 1712 ⁸laying

231 1707 347 1767 „the
376 1707 553 1775 dagges
576 1725 684 1757 over
707 1707 834 1757 tlzeir
875 1709 1122 1760 shoulders
1141 1746 1155 1767 ‚
1204 1711 1372 1760 would

234 1779 376 1841 „give
421 1774 552 1825 sucke
595 1793 643 1824 to
686 1773 763 1825 the
817 1776 959 1826 Habes
1003 1777 1199 1827 behinde
1243 1778 1373 1827 their

233 1840 448 1905 „backes‚
488 1843 696 1892 without
724 1843 891 1911 taking
922 1843 1047 1895 them
1076 1850 1125 1895 in
1155 1844 1283 1894 their
1298 1863 1373 1895 ar-

232 1928 361 1967 „mes
378 1931 392 1960 :
445 1910 566 1961 Such
593 1911 706 1961 kind
729 1912 1009 1977 osbreasts‚
1046 1931 1116 1963 me
1134 1912 1374 1970 thinketh,

234 1996 393 2038 „were
424 1997 539 2047 very
557 1978 638 2043 fit,
675 1996 723 2029 to
751 1981 804 2029 be
819 1983 950 2030 made
970 1998 1134 2052 money
1157 1980 1373 2050 baga-for

230 2048 414 2104 „Eastff-
433 2065 487 2094 or
520 2049 874 2098 West·Inolian
904 2049 1198 2110 Merchants,
1232 2051 1373 2117 being

236 2131 398 2173 „more
419 2114 529 2164 then
548 2113 679 2180 halfe
707 2134 733 2164 a
763 2118 889 2185 yarol
915 2116 1042 2184 long,
1077 2118 1173 2167 and
1195 2135 1245 2166 as
1263 2119 1374 2167 wed

233 2182 510 2249 „zm-ought,
556 2201 606 2230 as
645 2202 739 2248 any
795 2182 1016 2244 Tanner,
1067 2189 1118 2235 in
1159 2184 1238 2235 tlte
1277 2185 1371 2235 like

234 2249 457 2316 „chargm
480 2250 617 2301 could
641 2270 746 2301 ever
775 2251 960 2317 mollifie
984 2253 1099 2304 such
1117 2254 1369 2305 Leatlzer.”

166 2318 225 2383 u)
263 2316 318 2365 cl.
365 2320 549 2379 Fortis,
604 2322 793 2389 viaggio
839 2325 888 2371 in
934 2320 1186 2372 Dalmazia
1220 2325 1290 2374 T.
1328 2325 1366 2374 Ι.

268 2399 339 2447 ag.
375 2394 455 2439 81.

165 2403 332 2518 ’κῆράς
358 2451 525 2501 incolis
555 2469 667 2505 orae
696 2455 996 2506 occidentalis
1025 2455 1239 2515 Africae,
1297 2459 1367 2503 in-

235 2535 307 2571 ter
334 2529 723 2589 promontorium
745 2524 911 2575 album
949 2538 996 2576 et
1034 2529 1260 2642 Senegacm
1281 2525 1360 2640 dfl.

1251 2609 1275 2640 a
1312 2608 1358 2639 a·
