1721 3041
404 146 418 176 X

258 284 682 326 DEGENERANDI
728 285 791 320 m
833 263 1221 320 txmvmsm1.‘
1282 263 1363 340 69

91 441 228 510 sint,
274 456 551 518 unquam
587 432 667 492 ad
693 436 873 493 istam
899 429 1164 512 copulae
1185 433 1359 490 truti-

91 543 238 579 nam
263 518 638 580 revocandi?
700 521 1061 600 praesertim
1084 521 1134 575 si
1167 516 1360 596 longe

91 606 328 665 diversa
352 608 490 684 ipsis
516 608 712 684 patria
741 601 951 661 fuerit:
998 617 1269 677 satyrum
1296 621 1351 659 v.

92 710 147 749 c.
194 688 612 770 Angolensem
666 690 747 758 (S
753 689 1165 761 chimpcznse')
1216 705 1360 743 cmn

88 778 204 832 isto
219 772 454 832 insulae
474 776 720 831 Borneo
755 774 1029 851 (Orang
1044 806 1067 813 -
1084 775 1354 849 zabang).

214 944 382 1000 Tum
430 964 578 1001 vero
637 947 704 1001 in
767 945 1122 999 universum
1166 938 1358 1017 longe

90 1030 296 1084 minor
317 1048 524 1108 neque
553 1032 708 1085 tanti
732 1028 1037 1084 momenti
1051 1023 1358 1082 dubitatio

95 1126 158 1167 et
195 1110 535 1168 obscuritas
575 1111 777 1167 hocce
820 1109 897 1165 de
943 1131 1069 1188 quo
1124 1112 1360 1187 agimus

92 1208 412 1273 respectU,
468 1207 558 1249 est
604 1196 767 1251 circa
817 1194 1149 1248 animantia
1207 1189 1360 1262 fera,

94 1297 284 1358 quam
316 1278 479 1332 circa
507 1278 904 1353 ipsissizna'ea
934 1294 1094 1352 quae
1120 1275 1238 1331 hac
1263 1295 1358 1331 ra-

92 1365 273 1419 tione
296 1356 732 1431 excluduntur,
777 1359 1154 1414 domestica.

220 1531 340 1587 Hic
387 1531 551 1586 enim
597 1532 866 1586 maxime
914 1527 1133 1585 haeret
1175 1548 1357 1609 aqua.

95 1616 385 1694 Hincque
448 1617 586 1671 miri
643 1631 971 1672 auctorum
1036 1612 1360 1686 dissensus,

97 1703 263 1758 circa
302 1717 522 1755 canem
561 1720 615 1754 v.
663 1720 714 1756 c.
772 1696 1135 1754 familiarem
1191 1701 1363 1756 cuius

97 1798 312 1864 gentes
348 1780 423 1837 ab
456 1779 583 1836 aliis
617 1780 699 1837 ad
724 1780 928 1859 plures
967 1783 1204 1858 species
1241 1785 1382 1859 pri-¹

95 1870 334 1925 mitivas
383 1862 598 1921 referri
636 1864 872 1934 videas;
949 1862 1025 1920 ab
1081 1861 1207 1921 aliis
1243 1884 1362 1944 pro

96 1953 280 2009 :meris
326 1948 721 2007 varietatibus
779 1947 855 2006 ab
908 1969 989 2005 eo·
1035 1963 1363 2006 stemmate

97 2033 272 2117 quod
312 2031 637 2090 domestici
674 2053 908 2091 nomen
961 2029 1081 2089 sert
1132 2033 1365 2100 (chien

99 2124 184 2180 de
213 2119 472 2198 hev-ger)
520 2116 905 2197 degeneratis
944 2114 1192 2186 haberi3
1251 2120 1363 2175 ite-

98 2225 239 2262 rum
271 2201 350 2259 ab
392 2200 519 2259 aliis
558 2223 773 2262 omnes
819 2203 926 2260 has
967 2205 1291 2259 varietates
1327 2224 1365 2258 a

103 2307 259 2348 cane
295 2306 488 2343 aureo·
533 2287 895 2356 (Schakal)
947 2284 1207 2342 derivari
1223 2308 1243 2355 3>
1284 2285 1362 2342 ab

106 2372 235 2432 aliis
268 2370 537 2450 denique
566 2371 942 2431 contendiet
970 2369 1138 2429 hunc
1162 2375 1364 2449 ipsum

103 2460 362 2538 junctim
393 2475 534 2514 cum
563 2457 849 2516 omnibus
884 2460 1046 2516 canis
1078 2455 1368 2513 domesti-

731 2544 781 2601 E
823 2542 859 2602 3
1311 2541 1365 2597 ci
