1721 3041
352 317 862 363 DEGENERATIONE
897 318 1202 362 IN‘SPECOE.
1296 308 1425 388 267

62 472 68 479 ’
142 474 437 535 fabellam
482 492 608 534 tam
649 472 980 534 absurdam
1027 489 1089 533 et
1118 477 1416 557 ineptam,

143 566 294 643 quin
334 567 465 621 veri
507 560 742 642 aliquid
784 558 988 618 eidem
1027 560 1285 620 subesse
1326 583 1422 637 re·-

139 651 450 728 periatur‚
505 645 914 728 hyperbolica
953 662 1195 704 tantum
1237 667 1420 727 exag-

142 737 466 813 geratione
509 749 617 790 aut
664 752 855 812 prava
900 734 1422 816 interpretatione

140 817 543 898 deturpatum
565 817 669 896 f).

267 949 539 1006 Unicum
584 963 796 1004 tamen
856 966 934 1003 ex
987 946 1422 1027 prodigiorum

139 1037 253 1090 ista
284 1031 593 1112 farragine
616 1035 681 1089 in
713 1029 993 1088 medium
1031 1030 1318 1111 proferre
1351 1032 1422 1090 li-

141 1134 281 1175 ceat
310 1116 685 1196 exemplum,
732 1119 918 1173 toties
946 1115 1074 1174 scil.
1119 1122 1423 1202 repetitae

137 1199 342 1259 famae
371 1200 449 1258 de
470 1200 776 1281 gentibus
809 1201 1150 1275 caudatis,
1198 1218 1424 1282 utpote

141 1307 293 1365 quas
339 1306 372 1342 a
429 1284 771 1342 multifariis
805 1301 867 1342 et
912 1284 1103 1365 longe
1145 1284 1436 1344 ‘diversae'

138 1374 354 1427 aetatis
393 1369 752 1428 auctoribus
797 1373 1026 1428 iterum
1065 1375 1423 1454 iterumque

139 1471 395 1515 assertas
424 1459 777 1538 accepimus
810 1461 907 1539 g).

646 1657 723 1741 §.'
807 1663 907 1743 76.

233 1784 347 1855 De
373 1792 678 1874 gentibus
733 1795 1046 1850 caudatis
1084 1811 1322 1855 rumor.

265 1926 344 1982 Et
392 1920 625 2003 primus
667 1922 922 2003 quidem
962 1923 1222 1997 Plinius,
1280 1940 1426 2004 post

142 2027 287 2069 eum
315 2008 711 2066 Ptolemaeus
740 2024 802 2067 et
825 2010 1155 2067 Pausanias
1200 2007 1426 2067 cauda-

1219 2109 1423 2150 tarum

196 2204 268 2273 f)
303 2207 369 2252 ita
395 2221 498 2253 v.c.
531 2203 835 2265 conjunffiss.
869 2207 1036 2260 Heyne
1071 2199 1314 2254 fabulosas
1351 2221 1423 2252 re-

277 2271 480 2320 lationes
537 2273 594 2320 de
642 2272 1046 2338 hermaphroditis
1078 2272 1315 2321 ‘Floridae
1361 2272 1419 2320 ad

282 2339 687 2404 genuinosfontes
703 2343 948 2388 revocavit
967 2341 1014 2388 iu
1030 2342 1423 2391 Commentation.

277 2427 368 2458 soc.
394 2424 494 2475 reg.
517 2412 684 2459 scient.
702 2407 1010 2476 Gottingens.
1047 2412 1115 2459 T.
1136 2414 1170 2458 Ι.
1206 2426 1314 2475 pag.
1341 2421 1420 2472 39.

211 2478 271 2548 g)
299 2472 630 2542 *Nuperrimus
675 2476 989 2524 caudatorum
1036 2478 1286 2524 hominum
1341 2493 1420 2542 pa-

278 2557 450 2596 tronus
476 2557 523 2598 et
549 2557 761 2595 assertor
786 2547 944 2596 extitit
967 2544 1025 2595 cl.
1060 2543 1345 2595 Monboddo
1372 2547 1420 2591 in

1289 2622 1420 2661 uti-01
