<?xml version="1.0" encoding="UTF-8"?>
<!DOCTYPE html PUBLIC "-//W3C//DTD XHTML 1.0 Transitional//EN"
    "http://www.w3.org/TR/xhtml1/DTD/xhtml1-transitional.dtd">
<html xmlns="http://www.w3.org/1999/xhtml" xml:lang="en" lang="en">
 <head>
  <title>
</title>
<meta http-equiv="Content-Type" content="text/html;charset=utf-8" />
  <meta name='ocr-system' content='tesseract 3.04.00' />
  <meta name='ocr-capabilities' content='ocr_page ocr_carea ocr_par ocr_line ocrx_word'/>
</head>
<body>
  <div class='ocr_page' id='page_1' title='image "./degenerishumaniv00blum_0207.png"; bbox 0 0 1721 3041; ppageno 0'>
   <div class='ocr_carea' id='block_1_1' title="bbox 336 259 1389 345">
    <p class='ocr_par' dir='ltr' id='par_1_1' title="bbox 336 259 1389 345">
     <span class='ocr_line' id='line_1_1' title="bbox 336 259 1389 345; baseline 0.001 -22"><span class='ocrx_word' id='word_1_1' title='bbox 336 272 838 323; x_wconf 56' lang='grc' dir='ltr'><strong>υΕῡ-ΕπΕΒΑΉοΝΕ</strong></span> <span class='ocrx_word' id='word_1_2' title='bbox 876 283 938 321; x_wconf 75' lang='lat' dir='ltr'><strong>m</strong></span> <span class='ocrx_word' id='word_1_3' title='bbox 960 278 1175 327; x_wconf 68' lang='lat' dir='ltr'>smzcm,</span> <span class='ocrx_word' id='word_1_4' title='bbox 1275 259 1389 345; x_wconf 80' lang='lat'>157</span> 
     </span>
    </p>
   </div>
   <div class='ocr_carea' id='block_1_2' title="bbox 110 432 1438 2461">
    <p class='ocr_par' dir='ltr' id='par_1_2' title="bbox 110 432 1438 2461">
     <span class='ocr_line' id='line_1_2' title="bbox 127 432 1392 516; baseline 0 -24"><span class='ocrx_word' id='word_1_5' title='bbox 127 432 501 516; x_wconf 77' lang='lat' dir='ltr'>graviditatis</span> <span class='ocrx_word' id='word_1_6' title='bbox 553 442 835 513; x_wconf 63' lang='lat' dir='ltr'>‘tempore</span> <span class='ocrx_word' id='word_1_7' title='bbox 875 432 1079 513; x_wconf 90' lang='lat' dir='ltr'>plures</span> <span class='ocrx_word' id='word_1_8' title='bbox 1138 437 1392 515; x_wconf 77' lang='lat' dir='ltr'>paucio-</span> 
     </span>
     <span class='ocr_line' id='line_1_3' title="bbox 129 518 1392 598; baseline -0.002 -20"><span class='ocrx_word' id='word_1_9' title='bbox 129 540 302 578; x_wconf 83' lang='lat' dir='ltr'>resve</span> <span class='ocrx_word' id='word_1_10' title='bbox 333 522 608 598; x_wconf 85' lang='lat' dir='ltr'>corp-oris</span> <span class='ocrx_word' id='word_1_11' title='bbox 637 534 841 598; x_wconf 84' lang='lat' dir='ltr'>partes</span> <span class='ocrx_word' id='word_1_12' title='bbox 876 518 1265 578; x_wconf 83' lang='lat' dir='ltr'>carbonacea</span> <span class='ocrx_word' id='word_1_13' title='bbox 1300 523 1392 576; x_wconf 87' lang='lat' dir='ltr'>ni·-</span> 
     </span>
     <span class='ocr_line' id='line_1_4' title="bbox 127 602 1388 687; baseline 0 -25"><span class='ocrx_word' id='word_1_14' title='bbox 127 605 382 687; x_wconf 77' lang='lat' dir='ltr'>gredine</span> <span class='ocrx_word' id='word_1_15' title='bbox 421 602 780 662; x_wconf 78' lang='lat' dir='ltr'>obfuscatae</span> <span class='ocrx_word' id='word_1_16' title='bbox 821 613 980 677; x_wconf 79' lang='lat' dir='ltr'>sunt,</span> <span class='ocrx_word' id='word_1_17' title='bbox 1029 625 1190 686; x_wconf 85' lang='lat' dir='ltr'>quae</span> <span class='ocrx_word' id='word_1_18' title='bbox 1238 624 1388 662; x_wconf 86' lang='lat' dir='ltr'>vero</span> 
     </span>
     <span class='ocr_line' id='line_1_5' title="bbox 123 692 1392 773; baseline -0.001 -26"><span class='ocrx_word' id='word_1_19' title='bbox 123 705 274 772; x_wconf 76' lang='lat' dir='ltr'>postv</span> <span class='ocrx_word' id='word_1_20' title='bbox 306 692 705 769; x_wconf 80' lang='lat' dir='ltr'><strong>puerperium</strong></span> <span class='ocrx_word' id='word_1_21' title='bbox 755 693 979 773; x_wconf 83' lang='lat' dir='ltr'>sensim</span> <span class='ocrx_word' id='word_1_22' title='bbox 1036 694 1392 770; x_wconf 79' lang='lat' dir='ltr'>sensimque</span> 
     </span>
     <span class='ocr_line' id='line_1_6' title="bbox 120 777 1392 854; baseline -0.002 -20"><span class='ocrx_word' id='word_1_23' title='bbox 120 780 348 834; x_wconf 85' lang='lat' dir='ltr'>iterum</span> <span class='ocrx_word' id='word_1_24' title='bbox 401 777 649 832; x_wconf 85' lang='lat' dir='ltr'>evanui-t</span> <span class='ocrx_word' id='word_1_25' title='bbox 694 788 756 833; x_wconf 91' lang='lat' dir='ltr'>et</span> <span class='ocrx_word' id='word_1_26' title='bbox 805 777 1094 854; x_wconf 85' lang='lat' dir='ltr'>pristinus</span> <span class='ocrx_word' id='word_1_27' title='bbox 1140 778 1392 854; x_wconf 85' lang='lat' dir='ltr'>corpori</span> 
     </span>
     <span class='ocr_line' id='line_1_7' title="bbox 119 857 1392 918; baseline -0.002 0"><span class='ocrx_word' id='word_1_28' title='bbox 119 864 287 918; x_wconf 88' lang='lat' dir='ltr'>nitor</span> <span class='ocrx_word' id='word_1_29' title='bbox 319 862 633 917; x_wconf 83' lang='lat' dir='ltr'>restitutus</span> <span class='ocrx_word' id='word_1_30' title='bbox 662 873 772 917; x_wconf 53' lang='lat' dir='ltr'>est⁶</span> <span class='ocrx_word' id='word_1_31' title='bbox 862 857 1258 916; x_wconf 79' lang='lat' dir='ltr'>Solutionem</span> <span class='ocrx_word' id='word_1_32' title='bbox 1293 878 1392 916; x_wconf 85' lang='lat' dir='ltr'>ae·</span> 
     </span>
     <span class='ocr_line' id='line_1_8' title="bbox 120 941 1391 1024; baseline -0.001 -22"><span class='ocrx_word' id='word_1_33' title='bbox 120 941 437 1019; x_wconf 77' lang='lat' dir='ltr'>nigniatici</span> <span class='ocrx_word' id='word_1_34' title='bbox 488 941 892 1024; x_wconf 78' lang='lat' dir='ltr'>problematis</span> <span class='ocrx_word' id='word_1_35' title='bbox 939 943 1200 1023; x_wconf 80' lang='lat' dir='ltr'>praebet</span> <span class='ocrx_word' id='word_1_36' title='bbox 1248 943 1391 1001; x_wconf 85' lang='lat' dir='ltr'>che-</span> 
     </span>
     <span class='ocr_line' id='line_1_9' title="bbox 117 1027 1392 1109; baseline -0.002 -21"><span class='ocrx_word' id='word_1_37' title='bbox 117 1033 242 1088; x_wconf 88' lang='lat' dir='ltr'>mia</span> <span class='ocrx_word' id='word_1_38' title='bbox 267 1033 582 1087; x_wconf 80' lang='lat' dir='ltr'>recentior</span> <span class='ocrx_word' id='word_1_39' title='bbox 608 1027 686 1085; x_wconf 91' lang='lat' dir='ltr'>ad</span> <span class='ocrx_word' id='word_1_40' title='bbox 714 1027 1166 1109; x_wconf 75' lang='lat' dir='ltr'>physiologiam</span> <span class='ocrx_word' id='word_1_41' title='bbox 1197 1033 1392 1108; x_wconf 84' lang='lat' dir='ltr'>gravi-</span> 
     </span>
     <span class='ocr_line' id='line_1_10' title="bbox 117 1111 1390 1192; baseline 0 -22"><span class='ocrx_word' id='word_1_42' title='bbox 117 1113 323 1171; x_wconf 85' lang='lat' dir='ltr'>ditatis</span> <span class='ocrx_word' id='word_1_43' title='bbox 375 1111 699 1191; x_wconf 82' lang='lat' dir='ltr'>applicata.</span> <span class='ocrx_word' id='word_1_44' title='bbox 842 1112 1152 1192; x_wconf 84' lang='lat' dir='ltr'>Equidem</span> <span class='ocrx_word' id='word_1_45' title='bbox 1207 1117 1390 1170; x_wconf 86' lang='lat' dir='ltr'>matri</span> 
     </span>
     <span class='ocr_line' id='line_1_11' title="bbox 117 1193 1438 1277; baseline -0.001 -22"><span class='ocrx_word' id='word_1_46' title='bbox 117 1219 251 1255; x_wconf 86' lang='lat' dir='ltr'>non</span> <span class='ocrx_word' id='word_1_47' title='bbox 270 1200 636 1276; x_wconf 84' lang='lat' dir='ltr'>praegnanti</span> <span class='ocrx_word' id='word_1_48' title='bbox 662 1194 910 1254; x_wconf 87' lang='lat' dir='ltr'>modica</span> <span class='ocrx_word' id='word_1_49' title='bbox 941 1193 1219 1276; x_wconf 86' lang='lat' dir='ltr'>corporis</span> <span class='ocrx_word' id='word_1_50' title='bbox 1245 1217 1390 1277; x_wconf 89' lang='lat' dir='ltr'>pro·</span> <span class='ocrx_word' id='word_1_51' title='bbox 1435 1206 1438 1209; x_wconf 82' lang='lat'>&#39;</span> 
     </span>
     <span class='ocr_line' id='line_1_12' title="bbox 115 1279 1388 1361; baseline 0.001 -24"><span class='ocrx_word' id='word_1_52' title='bbox 115 1285 232 1361; x_wconf 87' lang='lat' dir='ltr'>prii</span> <span class='ocrx_word' id='word_1_53' title='bbox 255 1279 645 1339; x_wconf 81' lang='lat' dir='ltr'>carbonacea</span> <span class='ocrx_word' id='word_1_54' title='bbox 675 1284 883 1358; x_wconf 85' lang='lat' dir='ltr'>&#39;portio</span> <span class='ocrx_word' id='word_1_55' title='bbox 914 1279 1223 1358; x_wconf 84' lang='lat' dir='ltr'>superflua</span> <span class='ocrx_word' id='word_1_56' title='bbox 1249 1302 1388 1360; x_wconf 66' lang='lat' dir='ltr'>per&#39;-</span> 
     </span>
     <span class='ocr_line' id='line_1_13' title="bbox 114 1362 1388 1445; baseline -0.001 -22"><span class='ocrx_word' id='word_1_57' title='bbox 114 1369 451 1445; x_wconf 82' lang='lat' dir='ltr'>spiratione</span> <span class='ocrx_word' id='word_1_58' title='bbox 482 1379 744 1423; x_wconf 85' lang='lat' dir='ltr'>cutanea</span> <span class='ocrx_word' id='word_1_59' title='bbox 792 1362 1126 1428; x_wconf 62' lang='lat' dir='ltr'>commdde</span> <span class='ocrx_word' id='word_1_60' title='bbox 1175 1379 1388 1428; x_wconf 73' lang='lat' dir='ltr'>excer-</span> 
     </span>
     <span class='ocr_line' id='line_1_14' title="bbox 112 1448 1388 1530; baseline 0.001 -23"><span class='ocrx_word' id='word_1_61' title='bbox 112 1454 331 1522; x_wconf 88' lang='lat' dir='ltr'>nitur,-</span> <span class='ocrx_word' id='word_1_62' title='bbox 361 1448 649 1529; x_wconf 83' lang='lat' dir='ltr'>gravidae</span> <span class='ocrx_word' id='word_1_63' title='bbox 691 1451 910 1507; x_wconf 83' lang='lat' dir='ltr'>eont&#39;ra</span> <span class='ocrx_word' id='word_1_64' title='bbox 949 1463 1198 1529; x_wconf 82' lang='lat' dir='ltr'>praeter</span> <span class='ocrx_word' id='word_1_65' title='bbox 1243 1471 1388 1530; x_wconf 86' lang='lat' dir='ltr'>pro·</span> 
     </span>
     <span class='ocr_line' id='line_1_15' title="bbox 112 1532 1389 1615; baseline 0.002 -25"><span class='ocrx_word' id='word_1_66' title='bbox 112 1538 309 1615; x_wconf 87' lang='lat' dir='ltr'>priam</span> <span class='ocrx_word' id='word_1_67' title='bbox 350 1537 528 1591; x_wconf 89' lang='lat' dir='ltr'>istam</span> <span class='ocrx_word' id='word_1_68' title='bbox 571 1537 928 1613; x_wconf 79' lang='lat' dir='ltr'>portionem</span> <span class='ocrx_word' id='word_1_69' title='bbox 965 1532 1082 1592; x_wconf 84' lang='lat' dir='ltr'>alia</span> <span class='ocrx_word' id='word_1_70' title='bbox 1129 1555 1389 1615; x_wconf 83' lang='lat' dir='ltr'>quoque</span> 
     </span>
     <span class='ocr_line' id='line_1_16' title="bbox 113 1617 1387 1698; baseline 0 -21"><span class='ocrx_word' id='word_1_71' title='bbox 113 1617 360 1677; x_wconf 82' lang='lat' dir='ltr'>accedit</span> <span class='ocrx_word' id='word_1_72' title='bbox 404 1641 448 1675; x_wconf 79' lang='lat' dir='ltr'>a</span> <span class='ocrx_word' id='word_1_73' title='bbox 470 1618 670 1697; x_wconf 71' lang='lat' dir='ltr'>foeta</span> <span class='ocrx_word' id='word_1_74' title='bbox 686 1654 712 1681; x_wconf 74' lang='lat'><em>,</em></span> <span class='ocrx_word' id='word_1_75' title='bbox 780 1622 887 1698; x_wconf 85' lang='lat' dir='ltr'>qui</span> <span class='ocrx_word' id='word_1_76' title='bbox 929 1617 1159 1698; x_wconf 82' lang='lat' dir='ltr'>liquori</span> <span class='ocrx_word' id='word_1_77' title='bbox 1199 1623 1387 1689; x_wconf 67' lang='lat' dir='ltr'>amnii</span> 
     </span>
     <span class='ocr_line' id='line_1_17' title="bbox 111 1701 1382 1783; baseline 0.001 -23"><span class='ocrx_word' id='word_1_78' title='bbox 111 1707 434 1761; x_wconf 82' lang='lat' dir='ltr'>immersus</span> <span class='ocrx_word' id='word_1_79' title='bbox 503 1706 634 1781; x_wconf 85' lang='lat' dir='ltr'>ipse</span> <span class='ocrx_word' id='word_1_80' title='bbox 700 1701 985 1759; x_wconf 82' lang='lat' dir='ltr'>nondum</span> <span class='ocrx_word' id='word_1_81' title='bbox 1059 1708 1382 1783; x_wconf 77' lang='lat' dir='ltr'>perspirat.</span> 
     </span>
     <span class='ocr_line' id='line_1_18' title="bbox 112 1784 1385 1867; baseline 0 -23"><span class='ocrx_word' id='word_1_82' title='bbox 112 1789 305 1844; x_wconf 89' lang='lat' dir='ltr'>Nimis</span> <span class='ocrx_word' id='word_1_83' title='bbox 333 1805 482 1867; x_wconf 81' lang='lat' dir='ltr'>ergo</span> <span class='ocrx_word' id='word_1_84' title='bbox 507 1801 657 1844; x_wconf 88' lang='lat' dir='ltr'>tunc</span> <span class='ocrx_word' id='word_1_85' title='bbox 685 1784 963 1866; x_wconf 81' lang='lat' dir='ltr'>abundat</span> <span class='ocrx_word' id='word_1_86' title='bbox 987 1790 1230 1865; x_wconf 85' lang='lat' dir='ltr'>sanguis</span> <span class='ocrx_word' id='word_1_87' title='bbox 1258 1809 1385 1844; x_wconf 86' lang='lat' dir='ltr'>ma·-</span> 
     </span>
     <span class='ocr_line' id='line_1_19' title="bbox 110 1868 1384 1931; baseline -0.001 -1"><span class='ocrx_word' id='word_1_88' title='bbox 110 1887 323 1930; x_wconf 87' lang='lat' dir='ltr'>ternus</span> <span class='ocrx_word' id='word_1_89' title='bbox 357 1869 749 1930; x_wconf 83' lang='lat' dir='ltr'>carbonaceo</span> <span class='ocrx_word' id='word_1_90' title='bbox 785 1868 1097 1928; x_wconf 89' lang='lat' dir='ltr'>elemento</span> <span class='ocrx_word' id='word_1_91' title='bbox 1137 1892 1171 1927; x_wconf 91' lang='lat' dir='ltr'>a</span> <span class='ocrx_word' id='word_1_92' title='bbox 1227 1870 1384 1931; x_wconf 85' lang='lat' dir='ltr'>binis</span> 
     </span>
     <span class='ocr_line' id='line_1_20' title="bbox 114 1955 1383 2037; baseline 0.001 -25"><span class='ocrx_word' id='word_1_93' title='bbox 114 1961 286 2037; x_wconf 85' lang='lat' dir='ltr'>quasi</span> <span class='ocrx_word' id='word_1_94' title='bbox 315 1957 598 2014; x_wconf 88' lang='lat' dir='ltr'>humanis</span> <span class='ocrx_word' id='word_1_95' title='bbox 637 1955 1002 2036; x_wconf 86' lang='lat' dir='ltr'>corporibus</span> <span class='ocrx_word' id='word_1_96' title='bbox 1030 1956 1288 2032; x_wconf 83' lang='lat' dir='ltr'>junctim</span> <span class='ocrx_word' id='word_1_97' title='bbox 1317 1960 1383 2013; x_wconf 88' lang='lat' dir='ltr'>in</span> 
     </span>
     <span class='ocr_line' id='line_1_21' title="bbox 110 2042 1382 2120; baseline 0 -22"><span class='ocrx_word' id='word_1_98' title='bbox 110 2062 308 2098; x_wconf 88' lang='lat' dir='ltr'>unum</span> <span class='ocrx_word' id='word_1_99' title='bbox 338 2056 638 2120; x_wconf 78' lang='lat' dir='ltr'>congesto</span> <span class='ocrx_word' id='word_1_100' title='bbox 661 2045 748 2098; x_wconf 87' lang='lat' dir='ltr'>ita</span> <span class='ocrx_word' id='word_1_101' title='bbox 777 2056 845 2097; x_wconf 85' lang='lat' dir='ltr'>ut</span> <span class='ocrx_word' id='word_1_102' title='bbox 874 2060 1003 2097; x_wconf 89' lang='lat' dir='ltr'>non</span> <span class='ocrx_word' id='word_1_103' title='bbox 1024 2044 1222 2097; x_wconf 89' lang='lat' dir='ltr'>omnis</span> <span class='ocrx_word' id='word_1_104' title='bbox 1252 2042 1382 2117; x_wconf 82' lang='lat' dir='ltr'>ejus</span> 
     </span>
     <span class='ocr_line' id='line_1_22' title="bbox 112 2124 1382 2205; baseline -0.003 -20"><span class='ocrx_word' id='word_1_105' title='bbox 112 2129 295 2205; x_wconf 86' lang='lat' dir='ltr'>copia</span> <span class='ocrx_word' id='word_1_106' title='bbox 321 2124 504 2183; x_wconf 88' lang='lat' dir='ltr'>solito</span> <span class='ocrx_word' id='word_1_107' title='bbox 536 2145 713 2183; x_wconf 89' lang='lat' dir='ltr'>more</span> <span class='ocrx_word' id='word_1_108' title='bbox 747 2147 781 2183; x_wconf 87' lang='lat' dir='ltr'>a</span> <span class='ocrx_word' id='word_1_109' title='bbox 804 2140 999 2182; x_wconf 86' lang='lat' dir='ltr'>matre</span> <span class='ocrx_word' id='word_1_110' title='bbox 1036 2128 1382 2205; x_wconf 86' lang='lat' dir='ltr'>perspiran-</span> 
     </span>
     <span class='ocr_line' id='line_1_23' title="bbox 111 2208 1381 2290; baseline 0 -24"><span class='ocrx_word' id='word_1_111' title='bbox 111 2209 194 2267; x_wconf 89' lang='lat' dir='ltr'>do</span> <span class='ocrx_word' id='word_1_112' title='bbox 225 2214 471 2268; x_wconf 84' lang='lat' dir='ltr'>excerni</span> <span class='ocrx_word' id='word_1_113' title='bbox 502 2214 710 2290; x_wconf 84' lang='lat' dir='ltr'>possit,</span> <span class='ocrx_word' id='word_1_114' title='bbox 755 2208 869 2268; x_wconf 72' lang='lat' dir='ltr'>sed·</span> <span class='ocrx_word' id='word_1_115' title='bbox 889 2230 1028 2288; x_wconf 87' lang='lat' dir='ltr'>pars</span> <span class='ocrx_word' id='word_1_116' title='bbox 1051 2212 1178 2287; x_wconf 82' lang='lat' dir='ltr'>ejus</span> <span class='ocrx_word' id='word_1_117' title='bbox 1203 2230 1381 2290; x_wconf 88' lang='lat' dir='ltr'>prae-</span> 
     </span>
     <span class='ocr_line' id='line_1_24' title="bbox 112 2294 1378 2376; baseline 0.001 -24"><span class='ocrx_word' id='word_1_118' title='bbox 112 2298 362 2373; x_wconf 83' lang='lat' dir='ltr'>cipitata</span> <span class='ocrx_word' id='word_1_119' title='bbox 394 2316 580 2354; x_wconf 89' lang='lat' dir='ltr'>muco</span> <span class='ocrx_word' id='word_1_120' title='bbox 597 2294 1018 2376; x_wconf 80' lang='lat' dir='ltr'>Malpighiano</span> <span class='ocrx_word' id='word_1_121' title='bbox 1046 2294 1378 2353; x_wconf 89' lang='lat' dir='ltr'>inhaerens</span> 
     </span>
     <span class='ocr_line' id='line_1_25' title="bbox 111 2378 1379 2461; baseline 0 -25"><span class='ocrx_word' id='word_1_122' title='bbox 111 2395 300 2437; x_wconf 86' lang='lat' dir='ltr'>restet</span> <span class='ocrx_word' id='word_1_123' title='bbox 338 2396 397 2437; x_wconf 88' lang='lat' dir='ltr'>et</span> <span class='ocrx_word' id='word_1_124' title='bbox 443 2386 632 2439; x_wconf 87' lang='lat' dir='ltr'>cutim</span> <span class='ocrx_word' id='word_1_125' title='bbox 673 2384 884 2461; x_wconf 80' lang='lat' dir='ltr'>tingat,</span> <span class='ocrx_word' id='word_1_126' title='bbox 945 2378 1152 2439; x_wconf 86' lang='lat' dir='ltr'>donec</span> <span class='ocrx_word' id='word_1_127' title='bbox 1194 2395 1379 2459; x_wconf 82' lang='lat' dir='ltr'>partu</span> 
     </span>
    </p>
   </div>
   <div class='ocr_carea' id='block_1_3' title="bbox 112 2462 1378 2604">
    <p class='ocr_par' dir='ltr' id='par_1_3' title="bbox 112 2462 1378 2604">
     <span class='ocr_line' id='line_1_26' title="bbox 112 2462 1378 2604; baseline -0.002 -83"><span class='ocrx_word' id='word_1_128' title='bbox 112 2462 401 2524; x_wconf 86' lang='lat' dir='ltr'>absoluto</span> <span class='ocrx_word' id='word_1_129' title='bbox 442 2469 768 2545; x_wconf 85' lang='lat' dir='ltr'>pristinum</span> <span class='ocrx_word' id='word_1_130' title='bbox 815 2463 982 2525; x_wconf 88' lang='lat' dir='ltr'>istud</span> <span class='ocrx_word' id='word_1_131' title='bbox 1035 2468 1378 2604; x_wconf 57' lang='lat' dir='ltr'>aequicpon-</span> 
     </span>
     <span class='ocr_line' id='line_1_27' title="bbox 1248 2565 1376 2604; baseline -0.016 0"><span class='ocrx_word' id='word_1_132' title='bbox 1248 2565 1376 2604; x_wconf 79' lang='lat' dir='ltr'>lum</span> 
     </span>
    </p>
   </div>
  </div>
 </body>
</html>
