1721 3041
359 270 857 311 DEGENERATIONE
892 272 957 311 IN
988 271 1203 313 SPECIB.
1298 276 1322 311 Ξ
1343 275 1417 334 19

650 415 710 496 §-
801 422 899 488 43.

249 554 606 611 varietates
653 551 879 636 colotis
916 533 1309 635 gentilitiae.

269 684 398 741 Etsi
433 685 597 740 inter
630 686 876 740 niveum
918 683 1255 742 candorem
1290 685 1410 742 Eu-

143 786 376 846 ropeae
406 765 651 847 puellae
676 774 736 824 et
757 788 1056 824 summam
1085 769 1413 848 aethiopis-
1482 805 1487 808 -

100 868 247 909 ,sae
285 851 771 930 Senegambicae
807 851 1193 931 nigredinem
1231 855 1410 909 innu-

141 940 326 992 meris
360 935 559 993 modis
593 944 671 1016 y)
715 935 934 993 ludere
978 936 1257 995 videatur
1296 959 1410 996 cu-

141 1034 359 1077 taneus
385 1019 711 1077 hominum
747 1019 952 1079 color:
1001 1041 1208 1101 neque
1248 1020 1408 1078 ullus

143 1101 371 1160 horum
399 1102 732 1159 modorum
770 1105 1216 1171 siveomnibus
1256 1107 1411 1181 ejus-

143 1183 288 1243 dem
317 1189 512 1266 gentis
541 1184 892 1266 hominibus
920 1181 1262 1269 communis
1278 1233 1294 1262 ‚
1336 1192 1412 1246 si.-

1331 1290 1408 1330 ve

199 1436 271 1501 y)
311 1430 456 1497 Qiod
480 1437 530 1483 in
557 1439 786 1485 universo
816 1437 1045 1487 historiae
1064 1435 1294 1488 naturalis
1317 1447 1413 1487 stu-

276 1502 358 1551 dio
403 1507 615 1564 ingentes
666 1503 966 1554 difficultates
1004 1509 1161 1573 parit,
1198 1506 1413 1553 indefini-

276 1582 353 1620 tus
386 1569 483 1619 scil.
527 1585 572 1619 et
605 1574 885 1621 arbitrarius
915 1591 1096 1632 sensim,
1133 1591 1233 1640 quo
1262 1572 1415 1640 pluri-

276 1640 343 1686 mi
368 1639 587 1686 au&ores
615 1639 834 1687 colorum
869 1643 1140 1689 nominibus
1182 1653 1412 1694 utuntur3

273 1705 324 1752 id
354 1713 478 1752 ceite
511 1708 558 1751 in
598 1724 649 1753 ea
677 1724 820 1770 quam
849 1708 925 1754 hic
959 1710 1212 1756 “instamus
1233 1709 1412 1773 disqui-

274 1773 450 1820 sitione
471 1770 865 1839 anthropologica
894 1777 1108 1837 inprimis
1153 1773 1411 1823 molestum

276 1839 458 1886 accidit.
535 1842 615 1888 Ne
656 1857 771 1901 ergo
815 1842 1024 1900 ejusdcm
1065 1843 1168 1888 vitii
1216 1857 1407 1903 arguar,

279 1923 476 1954 monere
504 1920 711 1973 oportet.
753 1924 828 1954 me
852 1907 1044 1973 quidem
1073 1910 1269 1956 minime
1309 1925 1410 1955 om-

275 1976 353 2022 nia
395 1991 517 2038 qnae
568 1977 718 2022 cuivis
757 1978 1016 2039 quinorum
1059 1992 1179 2040 quos
1219 1975 1409 2024 distinxi

275 2039 495 2089 colorum
541 2040 874 2107 principalium
924 2043 1145 2101 subjunxi
1196 2046 1408 2100 nomina,

278 2125 369 2174 pro
396 2112 612 2170 genuinis
652 2110 925 2166 'synonymis
961 2110 1166 2169 habere,
1202 2109 1407 2171 anglicas

273 2192 324 2224 v.
349 2193 386 2223 c.
421 2194 556 2224 voces
581 2177 747 2246 yellow
770 2188 814 2225 et
843 2176 962 2227 olive
1007 2181 1137 2243 tinge
1173 2179 1288 2227 &at
1330 2195 1406 2225 ve-

279 2258 388 2290 rum
418 2243 505 2290 hoc
537 2247 671 2291 unice
704 2260 780 2292 me
812 2244 1044 2300 voluisse,
1085 2246 1165 2291 has
1207 2262 1344 2293 voces
1380 2262 1407 2292 a

278 2308 476 2357 diversis
505 2311 807 2369 auffiotubus,
847 2316 998 2378 iisque
1028 2310 1230 2360 classicis
1254 2315 1300 2359 in
1331 2311 1407 2359 de-

278 2377 488 2426 notando
529 2382 669 2427 unius
717 2382 1021 2446 ejusdemque
1062 2382 1213 2443 gentis
1247 2377 1409 2430 colore

280 2443 518 2506 gentilitio
544 2447 777 2499 adhibitas
810 2449 970 2500 fuisse.

716 2518 858 2588 H4
