1721 3041
275 323 780 368 DEGENERATIONE
808 327 870 364 m
900 325 1114 368 ercm.
1213 310 1325 389 187

67 480 223 559 signi
256 476 514 539 artificio
547 481 612 538 in
647 477 887 558 templis
915 477 1336 541 subterraneis

67 562 410 622 insularum
431 561 690 622 Salsette
731 580 792 620 et
834 563 1183 644 Elephanta
1230 568 1341 628 exe.

66 648 331 728 scalptiS,
365 670 628 730 quarum
653 652 989 729 specimina
1025 651 1332 712 admiran-

67 732 148 790 da
175 733 443 794 Londini
471 733 595 793 vidi
621 750 753 792 tum
774 737 839 791 in
864 737 1083 792 Museo
1100 739 1335 799 Britan·

63 821 208 876 nico
247 834 379 877 tum
408 823 573 879 inter
600 818 924 879 thesauros
957 822 1337 903 antiquarios

63 905 175 960 viri
198 901 620 963 humanissimi
649 902 724 962 cl.
757 906 895 963 Car.
930 905 1236 984 Tovvnley
1260 912 1332 978 i).

63 988 302 1048 Verum
333 987 519 1046 etiam
557 991 920 1067 nuperiores
954 985 1167 1049 Indiae
1214 997 1338 1053 vic-

63 1088 253 1145 tores,
299 1071 637 1153 Mongolos
663 1072 791 1132 scil.
837 1096 873 1131 a
907 1076 1147 1134 Timuri
1186 1077 1338 1136 inde·

64 1156 454 1235 temporibus
481 1156 747 1214 multum
773 1180 808 1214 a
833 1163 1035 1217 nativa
1051 1182 1159 1219 sua
1175 1160 1338 1224 facie

63 1262 232 1298 novo
266 1241 381 1299 sub
411 1241 593 1301 coelo
621 1241 960 1320 perdidisse
991 1261 1053 1303 et
1079 1251 1336 1326 propius

63 1325 152 1382 ad
170 1323 450 1382 Indicam
483 1329 836 1397 accessisse,
880 1326 1128 1406 ibidem
1167 1329 1339 1389 adhi-

61 1409 204 1468 bitis
257 1408 625 1489 imaginibus
679 1409 902 1468 Indicis
957 1411 1037 1469 ad
1081 1413 1337 1473 oculum

62 1493 224 1554 mihi·
242 1493 689 1557 demonstravit
723 1494 798 1556 cl.
832 1498 867 1552 J
871 1517 929 1558 o,
959 1495 1220 1573 Walsh,
1244 1519 1338 1559 re-

63 1576 204 1638 rum
228 1578 585 1641 Indicarum
607 1584 1043 1661 peritissimus·⁴

193 1712 386 1789 Quod
412 1732 561 1771 vero
587 1714 1038 1795 Aegyptiorum
1056 1732 1341 1776 veterum

63 1798 289 1875 faciem
319 1796 687 1878 gentilitiam
717 1802 956 1870 attinet,
1003 1804 1212 1858 mirari
1248 1822 1340 1859 sa-

60 1890 141 1945 tis
173 1903 446 1964 nequeo,
495 1885 603 1965 qui
631 1882 1022 1941 celeberrimi
1044 1880 1342 1943 archaeo-

64 1969 195 2048 logi
218 1970 636 2048 Aegyptiacae
663 1971 808 2026 artis
839 1971 1060 2026 veteris
1104 1968 1354 2040 studio-²

65 2054 281 2113 sissimi
345 2051 635 2110 omnibus
689 2073 764 2110 ac
818 2037 1069 2132 singulis
1144 2076 1342 2112 unum

66 2135 466 2218 eundemque
515 2156 919 2197 communem
962 2135 1204 2196 vultum
1238 2144 1342 2198 tri-

66 2223 263 2291 buere
306 2224 628 2300 potuerint
689 2221 789 2295 1293
868 2242 1013 2281 cum
1067 2229 1342 2283 curatior-

1110 2306 1342 2367 horum

134 2415 195 2476 i)
228 2411 568 2485 Archaeologia
605 2418 675 2470 T.
701 2421 808 2468 VII.
844 2417 942 2467 tab'.
979 2428 1059 2479 25.
1082 2417 1170 2469 26.
1201 2430 1282 2481 27.

134 2481 189 2550 k)
230 2500 273 2531 v.
301 2500 338 2533 c.
370 2483 730 2542 Winkelmann,
768 2485 1060 2552 descriptio‘n
1096 2486 1177 2534 des
1207 2491 1335 2552 pier·

202 2568 279 2603 res
299 2552 490 2620 gravdes
514 2553 568 2603 de
589 2551 754 2611 Stosch
780 2570 890 2623 pag.
918 2566 998 2607 10.
1028 2550 1233 2607 etalias.

1273 2621 1335 2678 d.
