1721 3041
309 301 424 382 178
470 295 691 358 SEc‘rxo
716 295 934 375 HLDE
970 314 1218 356 GENEms
1257 316 1415 355 HUM.
1443 285 1453 381 „⁵

410 469 502 529 ,In
555 471 914 526 universum
955 487 1029 525 ea
1080 465 1285 527 vultus
1338 468 1595 546 specieS,

304 575 497 638 quam
540 573 619 611 ex
671 555 1042 610 nostratium
1111 551 1190 610 de
1240 556 1597 628 symmetria

305 639 540 720 judicio
581 640 848 717 maxime
891 653 1215 698 venustam
1252 653 1315 697 et
1361 633 1595 696 formo·
1654 677 1655 680 =
1718 688 1721 697 .

306 747 441 785 sam
480 743 823 801 censemus,

361 998 365 1003 '
434 993 676 1052 Eadem
708 992 946 1051 haecce
971 986 1155 1051 faciei
1190 995 1428 1072 species
1468 1014 1596 1051 me-

308 1076 501 1140 Hium
533 1081 710 1160 quasi
740 1081 1061 1138 constituit
1089 1076 1266 1159 quod
1299 1082 1598 1159 utrinque
1685 1128 1687 1130 .
1718 1098 1721 1103 ·

253 1205 258 1210 -
308 1170 376 1226 in
407 1169 703 1223 extrema
729 1166 997 1222 maxime
1020 1162 1136 1222 sibi
1169 1167 1459 1243 opposita
1489 1163 1596 1222 de-

307 1248 674 1333 generando
707 1248 873 1323 abiit,
913 1269 1185 1330 quorum
1213 1247 1479 1306 alterum
1506 1246 1594 1305 fa·
1654 1321 1657 1324 Ι

306 1340 470 1395 ciem
503 1334 683 1392 latius
726 1332 1079 1406 diductam,
1126 1332 1393 1392 alterum
1439 1331 1593 1393 infe-

309 1424 434 1481 rius
462 1434 824 1502 porrectam
864 1417 1136 1478 exhibet.

379 1634 381 1636 ’
432 1609 789 1690 Utrumque
818 1628 967 1667 vero
1002 1613 1233 1689 iterum
1275 1609 1452 1669 binas
1501 1608 1591 1669 di-

305 1715 512 1758 versas
553 1697 878 1753 varietates
918 1693 1384 1774 complectitur,
1429 1693 1592 1755 facie

309 1803 352 1840 a
377 1780 575 1840 latere
602 1773 880 1860 spectata
920 1780 1036 1851 (en
1048 1780 1282 1861 profil)
1318 1784 1591 1840 maxime

309 1864 392 1924 ab
459 1868 728 1946 invicem
788 1863 1270 1944 distinguendas.
1403 1868 1592 1926 Tunc

259 1994 265 1997 -
305 1970 535 2032 nempe
571 1948 768 2009 altera
805 1949 1029 2007 harum
1075 1954 1456 2023 varietatum,
1481 1973 1589 2009 na-

309 2055 452 2097 sum
480 2034 878 2114 reliquasque
902 2051 1108 2114 partes
1133 2051 1452 2091 monstrat,
1475 2039 1587 2093 mi-

309 2140 427 2179 nus
457 2117 771 2175 distinctas
803 2117 916 2175 sed
957 2120 1135 2197 quasi
1174 2116 1581 2179 confluenteS.

305 2202 521 2281 Altera
544 2221 691 2282 vero
729 2201 978 2261 easdem
1003 2199 1372 2283 profundius
1398 2218 1469 2260 ut
1494 2207 1584 2262 ita

307 2287 513 2347 dicam
559 2285 899 2370 exscalptas
952 2302 1015 2349 et
1060 2285 1362 2369 angulose
1406 2292 1583 2369 quasi

304 2371 714 2455 prosilientes.
1570 2382 1573 2386 ’

1246 2575 1249 2578 ’
1302 2587 1576 2674 Sequen-

1708 2675 1721 2732 *ἶ
