1721 3041
331 282 447 352 146
490 279 711 341 SEch
740 278 842 336 ΠΙ.
874 298 953 336 DE
985 296 1232 351 GENEms
1268 300 1426 339 HUM.

452 452 546 508 Ex
592 449 971 525 Americanjs
1020 464 1230 507 autem
1273 465 1335 507 et
1379 445 1600 509 iisdem

327 535 614 594 Mestissis
665 549 1001 593 nascuntur
1050 555 1208 615 quos
1260 535 1601 594 Tresalvos
1637 530 1643 531 ⁷

329 636 559 681 vocant
589 627 684 690 cz).

455 792 550 847 Ex
572 788 952 846 Americanis
988 802 1051 847 et
1073 786 1322 846 Mulatis
1350 792 1479 847 nati
1507 791 1602 848 iti-

332 874 477 935 dem
500 876 725 956 passim
751 875 1037 932 Mescissz‘
1074 872 1466 953 appellantur
1509 873 1600 943 b).

453 1045 548 1100 Ex
572 1043 913 1122 Europaeis
942 1056 1005 1099 et
1039 1040 1284 1103 Zambis
1330 1062 1376 1099 s,
1414 1039 1604 1100 Lobis

332 1132 552 1210 prioris
603 1129 1019 1208 generationis
1059 1131 1190 1184 nati
1225 1130 1451 1207 passim
1490 1131 1604 1190 ite-

332 1236 475 1273 rum
498 1212 758 1273 Alalaci
788 1210 1081 1270 dicuntur
1116 1217 1197 1280 c).

456 1384 551 1450 Ex
574 1382 954 1441 Americanis
989 1394 1052 1438 et
1088 1377 1308 1438 iisdem
1355 1377 1602 1440 Zambis

331 1491 378 1530 s.
413 1468 600 1528 Lobis
627 1464 988 1544 Zambczz'gz'
1018 1465 1125 1532 d).

461 1639 745 1717 Ipsorum
784 1654 932 1691 vero
977 1629 1357 1689 Zamborum
1392 1652 1436 1690 s·.
1480 1634 1601 1690 Lo-

332 1720 561 1782 borum
606 1718 849 1801 prolem
884 1719 1142 1798 Hispani
1191 1719 1601 1797 contemptim

335 1807 566 1869 Cholos
593 1812 654 1875 e)
680 1803 1008 1869 vocabant.
1522 1887 1598 1959 C)

398 1977 455 2043 a)
492 1970 788 2028 Garcilasso,
826 1977 952 2037 “por
996 1969 1132 2020 dezir
1170 1987 1258 2036 que
1302 1974 1459 2020 tienen
1500 1986 1602 2019 tres

467 2058 663 2106 „partes
691 2040 745 2088 de
774 2041 930 2089 Ynocio
953 2058 986 2106 y
1018 2056 1110 2088 una
1140 2038 1198 2086 de
1225 2036 1483 2102 Espaii'olss'

397 2111 456 2175 h)
492 2111 695 2174 History
732 2106 797 2164 of
814 2107 1051 2170 Jamaica.

395 2180 449 2236 c)
487 2176 673 2225 Fermin
690 2190 774 2222 sur
793 2170 976 2222 l’oecon.
998 2171 1197 2223 animale
1216 2175 1282 2223 T.
1300 2174 1336 2221 Ι.
1359 2187 1466 2236 pag.
1486 2182 1596 2235 179.

401 2245 458 2309 ol)
494 2239 774 2293 Garcilasso.
807 2244 880 2289 “C
917 2240 948 2287 h
985 2258 1014 2289 o
1053 2238 1068 2287 l
1104 2258 1134 2288 o
1171 2257 1216 2289 es
1240 2239 1424 2290 vocablo
1456 2239 1511 2289 ole
1528 2239 1598 2290 las

466 2310 628 2371 „Islas
654 2309 710 2359 ole
734 2307 1029 2365 Barlovento,
1067 2312 1227 2375 quiere
1258 2308 1388 2357 decir
1426 2309 1598 2368 Perro,

463 2387 572 2442 „no
596 2378 736 2427 delos
762 2381 983 2441 castigas,
1020 2381 1125 2427 sino
1168 2377 1223 2427 de
1259 2375 1327 2425 los
1367 2380 1464 2426 mui
1504 2375 1598 2424 bel-

463 2447 625 2509 „lacos
648 2463 863 2514 gosones:
898 2464 931 2514 y
964 2446 1032 2495 los
1073 2443 1328 2511 Espafioles
1360 2462 1477 2497 usan
1519 2443 1595 2494 del

463 2533 588 2581 „por
616 2513 815 2580 infamia
841 2531 874 2585 y
899 2514 1190 2582 vituperio.”

395 2585 455 2649 e)
493 2582 675 2636 Twiss.
