1721 3041
265 275 348 340 58
530 274 751 338 SECTIO
796 280 841 337 Ι.
886 298 973 339 DE
1012 300 1266 342 110M1N1s

262 451 443 507 minis
473 448 823 507 naturalem
864 469 1145 530 spectare
1189 450 1538 527 videantur,

260 533 459 591 tribus
491 550 703 592 tamen
742 536 942 595 verbis
983 537 1416 617 principalium
1452 542 1544 595 in-

261 615 343 673 de
378 623 648 676 mutuari
686 619 870 679 liceat
908 622 1274 680 morborum
1326 643 1544 681 recen-

258 722 416 776 sum,
464 708 572 785 qui
596 703 813 763 itidem
841 706 1080 766 homini
1115 711 1350 788 proprii
1377 722 1537 778 sunt,

260 786 407 844 cum
444 793 661 870 utique
689 795 875 848 etiam
910 792 1328 862 haec‘contra
1367 807 1561 871 natu-⁷

256 890 393 928 ram
450 872 888 952 phaenomena
946 881 1060 957 ipsi
1104 878 1440 957 peculiaria
1477 880 1545 933 in

258 957 531 1015 naturali
567 965 845 1039 corporis
891 966 986 1020 sui
1033 962 1437 1041 dispositione
1482 975 1546 1018 et

256 1039 476 1100 habitu
537 1060 600 1101 et
642 1045 890 1103 animali
928 1050 1301 1104 oeconomia
1347 1049 1548 1101 nitan-

254 1141 386 1182 tur:
437 1127 793 1206 eodemque
822 1129 981 1184 adeo
1014 1132 1148 1201 jure
1192 1145 1255 1184 et
1284 1129 1385 1185 hic
1412 1137 1546 1185 *no-

253 1214 374 1266 tari
434 1227 822 1284 mereantur,
904 1232 1030 1291 quo
1075 1226 1138 1269 et
1187 1210 1547 1274 animalium

251 1295 654 1374 quorundam
709 1295 915 1353 morbi
970 1299 1111 1374 ipsis
1184 1300 1420 1374 proprii
1480 1300 1546 1353 in

253 1377 513 1437 historia
545 1400 767 1437 eorum
795 1377 1062 1437 naturali
1098 1384 1408 1438 recenseri
1445 1400 1545 1438 so-

253 1461 441 1534 leant,
491 1481 560 1523 ut
588 1464 720 1523 lues
751 1463 1001 1537 bovilla‚
1037 1481 1143 1522 aut
1170 1486 1391 1540 coryza
1417 1487 1545 1522 ma-

252 1547 421 1628 ligna
449 1569 778 1630 equorum,
824 1565 931 1606 aut
960 1549 1160 1607 rabies
1196 1565 1545 1629 spontanea

253 1638 482 1692 canino
516 1639 728 1714 generi
756 1632 1149 1715 frequentior
1194 1651 1311 1692 etc.

380 1720 501 1776 Per
527 1739 591 1776 se
619 1723 866 1778 interim
896 1718 1260 1795 intelligitur
1291 1739 1422 1776 non
1452 1722 1559 1777 niv·

250 1808 302 1860 si
335 1802 412 1860 de
443 1807 711 1861 maxime
757 1801 1264 1863 memorabilibus
1309 1803 1542 1861 morbis

250 1887 355 1945 liic
384 1887 510 1946 loci
542 1888 720 1946 nobis
767 1909 1123 1945 sermonem
1172 1909 1301 1947 esse
1338 1909 1540 1968 posse,

248 1993 461 2052 neque
492 1973 648 2031 haec
684 1985 882 2052 pauca
933 1994 967 2030 e
990 1972 1269 2052 pluribus
1312 1973 1544 2031 selecta
1594 2037 1599 2041 ,

251 2073 430 2113 extra
461 2078 712 2115 omnem
743 2056 1147 2114 dubitationis
1195 2056 1394 2113 aleam
1438 2056 1544 2113 ad-

213 2197 223 2205 ,
248 2139 375 2200 huc
402 2145 605 2220 posita
637 2161 784 2212 esse,
836 2161 978 2198 cum
1028 2139 1360 2220 nosologia
1402 2140 1545 2198 bru-

249 2242 463 2283 torum
489 2229 538 2283 si
573 2241 608 2282 a
637 2229 848 2305 paucis
871 2225 1311 2283 animantibus
1357 2224 1539 2283 nobis

249 2305 606 2372 domesticis
649 2310 1026 2382 discesseriS,
1095 2309 1200 2367 ob⁴
1228 2331 1440 2390 graves
1480 2305 1542 2367 et

248 2401 477 2477 partim
510 2393 954 2475 insuperabiles
1009 2392 1404 2454 difficultates
1450 2392 1540 2452 fe-

249 2501 320 2541 re
353 2480 587 2556 inculta
624 2480 830 2544 adhuc
865 2483 1087 2543 iaceat.

415 2576 417 2578 ’
509 2576 514 2580 ’
1308 2566 1536 2643 Magna
