1721 3041
301 275 800 319 DEGENERATIONE
834 278 898 317 IN
931 275 1144 317 SPECIE.
1239 279 1358 340 127Υ

99 449 236 488 rum
260 432 420 486 intra
443 430 711 507 tropicos
736 427 1112 507 populorum
1145 428 1359 487 chole-

96 518 294 575 ricun,
325 530 386 572 et
412 516 476 570 in
499 517 651 569 iram
679 512 970 591 proclive.
1021 515 1183 572 Hine
1203 537 1357 595 quo-

99 619 255 679 que,
302 595 471 679 quod
503 595 745 676 pridem
786 618 820 653 a
861 598 1112 656 medicis
1150 599 1358 663 obser-

97 698 307 741 vatum
327 696 417 742 est
442 686 534 753 e),
580 683 917 760 Europaeis
948 685 1011 738 in
1034 682 1218 740 Indiis
1255 683 1360 755 de-

99 766 411 846 gentibus,
468 780 530 823 et
570 769 834 822 maxime
872 763 1205 824 infantibus
1255 789 1360 826 eo-

97 871 235 906 rum
274 849 506 910 ibidem
557 865 859 907 terrarum
905 854 1091 923 natis,
1137 858 1361 912 consti-

97 938 257 993 tutio
287 950 350 992 et
372 933 616 992 habitus
648 933 917 992 biliosus,

153 1144 155 1148 -
216 1102 472 1161 Nullum
510 1118 720 1160 autem
763 1101 930 1159 aliud
970 1103 1183 1177 clima,
1229 1120 1364 1165 tum

103 1188 494 1248 vehementia
547 1200 608 1242 et
651 1185 1051 1245 diuturnitate
1108 1188 1364 1262 ardoris,

100 1290 232 1332 tum
252 1269 656 1349 singularibus
678 1268 862 1347 plane
893 1272 1367 1349 atmosphaerae

101 1352 499 1437 qualitatibus
522 1351 807 1409 chemicis
827 1351 952 1410 huc
975 1355 1365 1429 iacientibus,

100 1440 295 1499 ventis
321 1457 374 1493 v.
407 1458 459 1496 c.
489 1434 804 1516 specificis,
851 1434 1064 1516 pluviis
1101 1459 1216 1498 etc.
1267 1445 1366 1501 isti

100 1520 337 1583 fervido
402 1536 463 1578 et
513 1524 716 1578 urenti
775 1521 956 1580 coelo
996 1544 1368 1603 comparan-

102 1608 271 1678 dum,
333 1605 504 1687 quod
547 1605 680 1662 udis
734 1621 795 1662 et
835 1606 1143 1685 paludosis
1177 1606 1369 1688 sifri-

48 1721 54 1727 ·
108 1708 383 1759 cae-tam
427 1689 737 1747 orientalis
780 1712 965 1768 quam
1014 1693 1367 1752 occidenta-

99 1775 174 1834 lis
209 1772 563 1854 regionibus
603 1771 715 1831 snb
754 1776 1009 1831 torrida
1062 1798 1232 1834 zona
1277 1782 1370 1835 in..

107 1859 358 1919 cumbit.

144 2082 147 2085 ,
229 2029 566 2108 Aethiopes
604 2047 750 2085 vero
795 2024 1123 2107 indigenae
1162 2028 1371 2089 diutis-

106 2119 258 2176 sime
300 2116 422 2192 jam
467 2129 528 2171 et
565 2134 682 2192 per
725 2111 955 2193 longas
1004 2119 1371 2193 generalio-

107 2222 266 2257 num
292 2200 475 2256 series
502 2196 755 2255 climatis
783 2200 950 2254 istius
987 2202 1217 2255 actioni
1262 2199 1371 2257 ob-

108 2286 281 2341 noxii
308 2279 501 2355 fuere,
547 2297 766 2362 utpote
798 2285 904 2361 qui
930 2282 1153 2360 procul
1176 2283 1369 2340 dubio

1211 2384 1371 2424 inter

178 2485 238 2549 c)
274 2501 321 2533 v.
354 2487 423 2532 De
449 2486 580 2531 Haen
622 2483 946 2548 praeleftiones
990 2488 1039 2533 in
1085 2481 1369 2532 Boerlzaeavii·

246 2555 461 2605 institut.
488 2550 805 2620 pathologicas
842 2554 910 2604 T.
935 2555 995 2604 ΙΙ.
1028 2568 1134 2621 pag.
1166 2565 1280 2612 155.
