<?xml version="1.0" encoding="UTF-8"?>
<!DOCTYPE html PUBLIC "-//W3C//DTD XHTML 1.0 Transitional//EN"
    "http://www.w3.org/TR/xhtml1/DTD/xhtml1-transitional.dtd">
<html xmlns="http://www.w3.org/1999/xhtml" xml:lang="en" lang="en">
 <head>
  <title>
</title>
<meta http-equiv="Content-Type" content="text/html;charset=utf-8" />
  <meta name='ocr-system' content='tesseract 3.04.00' />
  <meta name='ocr-capabilities' content='ocr_page ocr_carea ocr_par ocr_line ocrx_word'/>
</head>
<body>
  <div class='ocr_page' id='page_1' title='image "./degenerishumaniv00blum_0368.png"; bbox 0 0 1721 3041; ppageno 0'>
   <div class='ocr_carea' id='block_1_1' title="bbox 271 265 1336 357">
    <p class='ocr_par' dir='ltr' id='par_1_1' title="bbox 271 265 1336 357">
     <span class='ocr_line' id='line_1_1' title="bbox 271 265 1336 357; baseline 0 -30"><span class='ocrx_word' id='word_1_1' title='bbox 271 267 411 357; x_wconf 23' lang='lat'>518·</span> <span class='ocrx_word' id='word_1_2' title='bbox 481 265 703 326; x_wconf 71' lang='lat' dir='ltr'>Ssscmo</span> <span class='ocrx_word' id='word_1_3' title='bbox 745 265 851 326; x_wconf 87' lang='lat' dir='ltr'>IV.</span> <span class='ocrx_word' id='word_1_4' title='bbox 892 285 1140 325; x_wconf 76' lang='lat' dir='ltr'>GENEms</span> <span class='ocrx_word' id='word_1_5' title='bbox 1180 289 1336 327; x_wconf 84' lang='lat' dir='ltr'><strong>HUM.</strong></span> 
     </span>
    </p>
   </div>
   <div class='ocr_carea' id='block_1_2' title="bbox 247 434 1551 1620">
    <p class='ocr_par' dir='ltr' id='par_1_2' title="bbox 247 434 1551 1620">
     <span class='ocr_line' id='line_1_2' title="bbox 267 434 1549 518; baseline 0.001 -22"><span class='ocrx_word' id='word_1_6' title='bbox 267 436 509 497; x_wconf 83' lang='lat' dir='ltr'>vultum</span> <span class='ocrx_word' id='word_1_7' title='bbox 564 455 716 517; x_wconf 81' lang='lat' dir='ltr'>prae</span> <span class='ocrx_word' id='word_1_8' title='bbox 768 457 834 495; x_wconf 87' lang='lat' dir='ltr'>se</span> <span class='ocrx_word' id='word_1_9' title='bbox 882 434 1088 495; x_wconf 79' lang='lat' dir='ltr'>ferant</span> <span class='ocrx_word' id='word_1_10' title='bbox 1143 436 1253 507; x_wconf 63' lang='lat' dir='ltr'>ej?</span> <span class='ocrx_word' id='word_1_11' title='bbox 1322 441 1549 518; x_wconf 65' lang='lat' dir='ltr'>panim</span> 
     </span>
     <span class='ocr_line' id='line_1_3' title="bbox 269 521 1548 604; baseline 0.001 -23"><span class='ocrx_word' id='word_1_12' title='bbox 269 544 500 603; x_wconf 80' lang='lat' dir='ltr'>nempe</span> <span class='ocrx_word' id='word_1_13' title='bbox 527 521 702 602; x_wconf 85' lang='lat' dir='ltr'>quod</span> <span class='ocrx_word' id='word_1_14' title='bbox 727 521 917 603; x_wconf 81' lang='lat' dir='ltr'>longe</span> <span class='ocrx_word' id='word_1_15' title='bbox 949 526 1161 595; x_wconf 84' lang='lat' dir='ltr'>serius,</span> <span class='ocrx_word' id='word_1_16' title='bbox 1207 527 1548 604; x_wconf 78' lang='lat' dir='ltr'>nuperiore</span> 
     </span>
     <span class='ocr_line' id='line_1_4' title="bbox 266 606 1550 688; baseline 0 -20"><span class='ocrx_word' id='word_1_17' title='bbox 266 607 666 688; x_wconf 74' lang='lat' dir='ltr'>catastrophe</span> <span class='ocrx_word' id='word_1_18' title='bbox 716 606 906 688; x_wconf 82' lang='lat' dir='ltr'>pulsi,</span> <span class='ocrx_word' id='word_1_19' title='bbox 979 628 1057 665; x_wconf 81' lang='lat' dir='ltr'>ex</span> <span class='ocrx_word' id='word_1_20' title='bbox 1109 607 1251 676; x_wconf 76' lang='lat' dir='ltr'>Asia</span> <span class='ocrx_word' id='word_1_21' title='bbox 1298 608 1550 668; x_wconf 61' lang='lat' dir='ltr'>‘boreali</span> 
     </span>
     <span class='ocr_line' id='line_1_5' title="bbox 268 691 1548 774; baseline 0 -22"><span class='ocrx_word' id='word_1_22' title='bbox 268 699 643 753; x_wconf 78' lang='lat' dir='ltr'>accesserint</span> <span class='ocrx_word' id='word_1_23' title='bbox 687 699 800 765; x_wconf 69' lang='lat' dir='ltr'>a);</span> <span class='ocrx_word' id='word_1_24' title='bbox 856 697 1082 773; x_wconf 83' lang='lat' dir='ltr'>partim</span> <span class='ocrx_word' id='word_1_25' title='bbox 1128 691 1302 774; x_wconf 76' lang='lat' dir='ltr'>quod</span> <span class='ocrx_word' id='word_1_26' title='bbox 1364 693 1548 752; x_wconf 80' lang='lat' dir='ltr'>clima</span> 
     </span>
     <span class='ocr_line' id='line_1_6' title="bbox 266 777 1547 859; baseline -0.001 -20"><span class='ocrx_word' id='word_1_27' title='bbox 266 799 507 852; x_wconf 84' lang='lat' dir='ltr'>novae,</span> <span class='ocrx_word' id='word_1_28' title='bbox 563 800 751 859; x_wconf 82' lang='lat' dir='ltr'>quam</span> <span class='ocrx_word' id='word_1_29' title='bbox 779 799 948 836; x_wconf 85' lang='lat' dir='ltr'>nunc</span> <span class='ocrx_word' id='word_1_30' title='bbox 974 777 1289 852; x_wconf 79' lang='lat' dir='ltr'>habitant,</span> <span class='ocrx_word' id='word_1_31' title='bbox 1340 795 1547 840; x_wconf 80' lang='lat' dir='ltr'>terrae</span> 
     </span>
     <span class='ocr_line' id='line_1_7' title="bbox 247 861 1549 946; baseline 0 -23"><span class='ocrx_word' id='word_1_32' title='bbox 247 868 559 946; x_wconf 83' lang='lat' dir='ltr'>pristinae</span> <span class='ocrx_word' id='word_1_33' title='bbox 585 867 825 940; x_wconf 78' lang='lat' dir='ltr'>patriae</span> <span class='ocrx_word' id='word_1_34' title='bbox 856 861 1089 917; x_wconf 76' lang='lat' dir='ltr'>climati</span> <span class='ocrx_word' id='word_1_35' title='bbox 1122 863 1391 922; x_wconf 83' lang='lat' dir='ltr'>maxime</span> <span class='ocrx_word' id='word_1_36' title='bbox 1434 864 1549 923; x_wconf 87' lang='lat' dir='ltr'>ho-</span> 
     </span>
     <span class='ocr_line' id='line_1_8' title="bbox 263 942 1550 1027; baseline -0.002 -20"><span class='ocrx_word' id='word_1_37' title='bbox 263 954 647 1027; x_wconf 77' lang='lat' dir='ltr'>mogeneum</span> <span class='ocrx_word' id='word_1_38' title='bbox 684 947 779 1001; x_wconf 74' lang='lat' dir='ltr'>sit.</span> <span class='ocrx_word' id='word_1_39' title='bbox 883 942 1016 1000; x_wconf 89' lang='lat' dir='ltr'>Imo</span> <span class='ocrx_word' id='word_1_40' title='bbox 1053 949 1312 1001; x_wconf 62' lang='lat' dir='ltr'>vero‘ni</span> <span class='ocrx_word' id='word_1_41' title='bbox 1359 954 1550 1026; x_wconf 80' lang='lat' dir='ltr'>gravi-</span> 
     </span>
     <span class='ocr_line' id='line_1_9' title="bbox 266 1028 1549 1113; baseline -0.002 -22"><span class='ocrx_word' id='word_1_42' title='bbox 266 1050 362 1091; x_wconf 85' lang='lat' dir='ltr'>ter</span> <span class='ocrx_word' id='word_1_43' title='bbox 398 1029 583 1099; x_wconf 82' lang='lat' dir='ltr'>fallor</span> <span class='ocrx_word' id='word_1_44' title='bbox 631 1028 839 1088; x_wconf 83' lang='lat' dir='ltr'>eidem</span> <span class='ocrx_word' id='word_1_45' title='bbox 885 1049 1075 1109; x_wconf 84' lang='lat' dir='ltr'>quam</span> <span class='ocrx_word' id='word_1_46' title='bbox 1114 1050 1301 1109; x_wconf 80' lang='lat' dir='ltr'>supra</span> <span class='ocrx_word' id='word_1_47' title='bbox 1347 1035 1549 1113; x_wconf 78' lang='lat' dir='ltr'>tetigi-</span> 
     </span>
     <span class='ocr_line' id='line_1_10' title="bbox 263 1112 1550 1197; baseline -0.001 -21"><span class='ocrx_word' id='word_1_48' title='bbox 263 1140 401 1176; x_wconf 83' lang='lat' dir='ltr'>mus</span> <span class='ocrx_word' id='word_1_49' title='bbox 435 1113 528 1194; x_wconf 58' lang='grc' dir='ltr'>(ἕ.</span> <span class='ocrx_word' id='word_1_50' title='bbox 558 1116 694 1194; x_wconf 83' lang='lat'><strong>57.)</strong></span> <span class='ocrx_word' id='word_1_51' title='bbox 728 1113 986 1173; x_wconf 82' lang='lat' dir='ltr'>climatis</span> <span class='ocrx_word' id='word_1_52' title='bbox 1022 1112 1102 1170; x_wconf 77' lang='lat' dir='ltr'>ad</span> <span class='ocrx_word' id='word_1_53' title='bbox 1128 1114 1369 1172; x_wconf 83' lang='lat' dir='ltr'>vultum</span> <span class='ocrx_word' id='word_1_54' title='bbox 1402 1137 1550 1197; x_wconf 82' lang='lat' dir='ltr'>gen-</span> 
     </span>
     <span class='ocr_line' id='line_1_11' title="bbox 264 1197 1551 1275; baseline -0.001 -13"><span class='ocrx_word' id='word_1_55' title='bbox 264 1203 519 1262; x_wconf 80' lang='lat' dir='ltr'>tilitium-</span> <span class='ocrx_word' id='word_1_56' title='bbox 542 1205 668 1260; x_wconf 84' lang='lat' dir='ltr'>sive</span> <span class='ocrx_word' id='word_1_57' title='bbox 697 1197 1196 1259; x_wconf 82' lang='lat' dir='ltr'>conservandum</span> <span class='ocrx_word' id='word_1_58' title='bbox 1224 1204 1349 1258; x_wconf 81' lang='lat' dir='ltr'>sive</span> <span class='ocrx_word' id='word_1_59' title='bbox 1378 1206 1551 1275; x_wconf 54' lang='grc' dir='ltr'>Γθεῑὶ-ν</span> 
     </span>
     <span class='ocr_line' id='line_1_12' title="bbox 266 1278 1549 1368; baseline -0.002 -21"><span class='ocrx_word' id='word_1_60' title='bbox 266 1287 570 1347; x_wconf 79' lang='lat' dir='ltr'>tuendum</span> <span class='ocrx_word' id='word_1_61' title='bbox 591 1289 914 1368; x_wconf 78' lang='lat' dir='ltr'>potentiae</span> <span class='ocrx_word' id='word_1_62' title='bbox 932 1278 1352 1359; x_wconf 76' lang='lat' dir='ltr'>tribuendum,</span> <span class='ocrx_word' id='word_1_63' title='bbox 1373 1287 1549 1367; x_wconf 81' lang='lat' dir='ltr'>quod</span> 
     </span>
     <span class='ocr_line' id='line_1_13' title="bbox 264 1369 1550 1452; baseline -0.002 -20"><span class='ocrx_word' id='word_1_64' title='bbox 264 1373 518 1432; x_wconf 82' lang='lat' dir='ltr'>alterius</span> <span class='ocrx_word' id='word_1_65' title='bbox 551 1373 878 1431; x_wconf 80' lang='lat' dir='ltr'>Americae</span> <span class='ocrx_word' id='word_1_66' title='bbox 916 1371 1178 1435; x_wconf 78' lang='lat' dir='ltr'>extremi</span> <span class='ocrx_word' id='word_1_67' title='bbox 1208 1369 1415 1452; x_wconf 68' lang='lat' dir='ltr'>&#39;frigidi</span> <span class='ocrx_word' id='word_1_68' title='bbox 1442 1371 1550 1430; x_wconf 80' lang='lat' dir='ltr'>ha-</span> 
     </span>
     <span class='ocr_line' id='line_1_14' title="bbox 263 1454 1548 1534; baseline -0.002 -17"><span class='ocrx_word' id='word_1_69' title='bbox 263 1459 583 1531; x_wconf 84' lang='lat' dir='ltr'>bitatores,</span> <span class='ocrx_word' id='word_1_70' title='bbox 631 1473 701 1515; x_wconf 85' lang='lat' dir='ltr'>ut</span> <span class='ocrx_word' id='word_1_71' title='bbox 727 1454 870 1514; x_wconf 83' lang='lat' dir='ltr'>freti</span> <span class='ocrx_word' id='word_1_72' title='bbox 902 1455 1298 1534; x_wconf 76' lang='lat' dir='ltr'>Magellanici</span> <span class='ocrx_word' id='word_1_73' title='bbox 1328 1456 1548 1515; x_wconf 80' lang='lat' dir='ltr'>barba-</span> 
     </span>
     <span class='ocr_line' id='line_1_15' title="bbox 261 1538 1549 1620; baseline -0.003 -17"><span class='ocrx_word' id='word_1_74' title='bbox 261 1549 315 1602; x_wconf 85' lang='lat' dir='ltr'>ri</span> <span class='ocrx_word' id='word_1_75' title='bbox 340 1542 616 1616; x_wconf 85' lang='lat' dir='ltr'>accolae,</span> <span class='ocrx_word' id='word_1_76' title='bbox 653 1540 733 1598; x_wconf 82' lang='lat' dir='ltr'>ad</span> <span class='ocrx_word' id='word_1_77' title='bbox 752 1541 1084 1620; x_wconf 82' lang='lat' dir='ltr'>pristinum</span> <span class='ocrx_word' id='word_1_78' title='bbox 1111 1538 1351 1598; x_wconf 83' lang='lat' dir='ltr'>vultum</span> <span class='ocrx_word' id='word_1_79' title='bbox 1366 1543 1549 1599; x_wconf 89' lang='lat' dir='ltr'>Mon-</span> 
     </span>
    </p>
   </div>
   <div class='ocr_carea' id='block_1_3' title="bbox 1398 1625 1550 1707">
    <p class='ocr_par' dir='ltr' id='par_1_3' title="bbox 1398 1625 1550 1707">
     <span class='ocr_line' id='line_1_16' title="bbox 1398 1625 1550 1707; baseline 0.007 -23"><span class='ocrx_word' id='word_1_80' title='bbox 1398 1625 1550 1707; x_wconf 81' lang='lat' dir='ltr'>goli-</span> 
     </span>
    </p>
   </div>
   <div class='ocr_carea' id='block_1_4' title="bbox 329 1795 1549 2142">
    <p class='ocr_par' dir='ltr' id='par_1_4' title="bbox 329 1795 1549 2142">
     <span class='ocr_line' id='line_1_17' title="bbox 329 1795 1548 1873; baseline -0.002 -17"><span class='ocrx_word' id='word_1_81' title='bbox 329 1808 386 1869; x_wconf 86' lang='lat' dir='ltr'>t)</span> <span class='ocrx_word' id='word_1_82' title='bbox 425 1802 557 1873; x_wconf 83' lang='lat' dir='ltr'>quod</span> <span class='ocrx_word' id='word_1_83' title='bbox 590 1813 693 1854; x_wconf 83' lang='lat' dir='ltr'>tum</span> <span class='ocrx_word' id='word_1_84' title='bbox 729 1805 780 1851; x_wconf 84' lang='lat' dir='ltr'>in</span> <span class='ocrx_word' id='word_1_85' title='bbox 813 1799 936 1852; x_wconf 87' lang='lat' dir='ltr'>binis</span> <span class='ocrx_word' id='word_1_86' title='bbox 980 1799 1151 1852; x_wconf 84' lang='lat' dir='ltr'>craniis</span> <span class='ocrx_word' id='word_1_87' title='bbox 1187 1795 1548 1861; x_wconf 76' lang='lat' dir='ltr'>Eskimotarum</span> 
     </span>
     <span class='ocr_line' id='line_1_18' title="bbox 399 1871 1546 1938; baseline -0.002 -16"><span class='ocrx_word' id='word_1_88' title='bbox 399 1891 424 1922; x_wconf 92' lang='lat' dir='ltr'>e</span> <span class='ocrx_word' id='word_1_89' title='bbox 469 1871 658 1922; x_wconf 87' lang='lat' dir='ltr'>colonia</span> <span class='ocrx_word' id='word_1_90' title='bbox 702 1872 1028 1921; x_wconf 86' lang='lat' dir='ltr'>Labradorica</span> <span class='ocrx_word' id='word_1_91' title='bbox 1072 1874 1234 1928; x_wconf 88' lang='lat' dir='ltr'>Nain,</span> <span class='ocrx_word' id='word_1_92' title='bbox 1283 1890 1406 1938; x_wconf 87' lang='lat' dir='ltr'>quae</span> <span class='ocrx_word' id='word_1_93' title='bbox 1448 1871 1546 1920; x_wconf 88' lang='lat' dir='ltr'>col·</span> 
     </span>
     <span class='ocr_line' id='line_1_19' title="bbox 398 1940 1549 2003; baseline -0.002 -12"><span class='ocrx_word' id='word_1_94' title='bbox 398 1940 653 1991; x_wconf 58' lang='lat' dir='ltr'>lectionem</span> <span class='ocrx_word' id='word_1_95' title='bbox 701 1956 856 1990; x_wconf 90' lang='lat' dir='ltr'>meam</span> <span class='ocrx_word' id='word_1_96' title='bbox 901 1952 1104 2003; x_wconf 77' lang='lat' dir='ltr'>ornant,</span> <span class='ocrx_word' id='word_1_97' title='bbox 1159 1954 1262 2002; x_wconf 82' lang='lat' dir='ltr'>tum</span> <span class='ocrx_word' id='word_1_98' title='bbox 1301 1944 1350 1988; x_wconf 86' lang='lat' dir='ltr'>in</span> <span class='ocrx_word' id='word_1_99' title='bbox 1381 1943 1549 2002; x_wconf 83' lang='lat' dir='ltr'>imagi-</span> 
     </span>
     <span class='ocr_line' id='line_1_20' title="bbox 401 2006 1549 2070; baseline -0.003 -11"><span class='ocrx_word' id='word_1_100' title='bbox 401 2012 544 2060; x_wconf 86' lang='lat' dir='ltr'>nibus</span> <span class='ocrx_word' id='word_1_101' title='bbox 573 2010 751 2059; x_wconf 87' lang='lat' dir='ltr'>horum</span> <span class='ocrx_word' id='word_1_102' title='bbox 777 2006 1097 2059; x_wconf 88' lang='lat' dir='ltr'>barbarorum</span> <span class='ocrx_word' id='word_1_103' title='bbox 1131 2010 1190 2057; x_wconf 92' lang='lat' dir='ltr'>ab</span> <span class='ocrx_word' id='word_1_104' title='bbox 1234 2011 1436 2070; x_wconf 80' lang='lat' dir='ltr'>egregiis</span> <span class='ocrx_word' id='word_1_105' title='bbox 1474 2024 1549 2056; x_wconf 85' lang='lat' dir='ltr'>ar-</span> 
     </span>
     <span class='ocr_line' id='line_1_21' title="bbox 398 2074 1547 2142; baseline -0.003 -15"><span class='ocrx_word' id='word_1_106' title='bbox 398 2079 606 2128; x_wconf 85' lang='lat' dir='ltr'>tificibus</span> <span class='ocrx_word' id='word_1_107' title='bbox 638 2079 695 2126; x_wconf 91' lang='lat' dir='ltr'>ad</span> <span class='ocrx_word' id='word_1_108' title='bbox 725 2081 892 2127; x_wconf 87' lang='lat' dir='ltr'>vivum</span> <span class='ocrx_word' id='word_1_109' title='bbox 929 2077 1146 2142; x_wconf 62' lang='lat' dir='ltr'>depififis,</span> <span class='ocrx_word' id='word_1_110' title='bbox 1187 2093 1304 2140; x_wconf 87' lang='lat' dir='ltr'>quas</span> <span class='ocrx_word' id='word_1_111' title='bbox 1337 2074 1547 2123; x_wconf 87' lang='lat' dir='ltr'>liberali-</span> 
     </span>
    </p>
   </div>
   <div class='ocr_carea' id='block_1_5' title="bbox 399 2140 1639 2206">
    <p class='ocr_par' dir='ltr' id='par_1_5' title="bbox 399 2140 1639 2206">
     <span class='ocr_line' id='line_1_22' title="bbox 399 2140 1639 2206; baseline -0.002 -12"><span class='ocrx_word' id='word_1_112' title='bbox 399 2148 487 2194; x_wconf 85' lang='lat' dir='ltr'>tati</span> <span class='ocrx_word' id='word_1_113' title='bbox 514 2147 872 2206; x_wconf 83' lang='lat' dir='ltr'>generosissimi</span> <span class='ocrx_word' id='word_1_114' title='bbox 901 2144 1098 2199; x_wconf 84' lang='lat' dir='ltr'>Banksii</span> <span class='ocrx_word' id='word_1_115' title='bbox 1124 2142 1296 2202; x_wconf 87' lang='lat' dir='ltr'>debeo,</span> <span class='ocrx_word' id='word_1_116' title='bbox 1337 2140 1551 2192; x_wconf 85' lang='lat' dir='ltr'>luculen-</span> <span class='ocrx_word' id='word_1_117' title='bbox 1629 2141 1639 2147; x_wconf 55' lang='grc'><strong>“</strong></span> 
     </span>
    </p>
   </div>
   <div class='ocr_carea' id='block_1_6' title="bbox 402 2209 962 2262">
    <p class='ocr_par' dir='ltr' id='par_1_6' title="bbox 402 2209 962 2262">
     <span class='ocr_line' id='line_1_23' title="bbox 402 2209 962 2262; baseline -0.004 0"><span class='ocrx_word' id='word_1_118' title='bbox 402 2215 584 2262; x_wconf 85' lang='lat' dir='ltr'>tissime</span> <span class='ocrx_word' id='word_1_119' title='bbox 613 2229 774 2260; x_wconf 89' lang='lat' dir='ltr'>coram</span> <span class='ocrx_word' id='word_1_120' title='bbox 801 2209 962 2261; x_wconf 88' lang='lat' dir='ltr'>video.</span> 
     </span>
    </p>
   </div>
   <div class='ocr_carea' id='block_1_7' title="bbox 331 2307 1542 2577">
    <p class='ocr_par' dir='ltr' id='par_1_7' title="bbox 331 2307 1542 2577">
     <span class='ocr_line' id='line_1_24' title="bbox 331 2307 1542 2378; baseline -0.001 -19"><span class='ocrx_word' id='word_1_121' title='bbox 331 2311 391 2378; x_wconf 80' lang='lat' dir='ltr'>u)</span> <span class='ocrx_word' id='word_1_122' title='bbox 428 2310 739 2359; x_wconf 85' lang='lat' dir='ltr'>Robertsonii</span> <span class='ocrx_word' id='word_1_123' title='bbox 785 2311 911 2358; x_wconf 91' lang='lat' dir='ltr'>enim</span> <span class='ocrx_word' id='word_1_124' title='bbox 956 2307 1211 2376; x_wconf 81' lang='lat' dir='ltr'>paradoxa</span> <span class='ocrx_word' id='word_1_125' title='bbox 1241 2309 1407 2373; x_wconf 85' lang='lat' dir='ltr'>opinio</span> <span class='ocrx_word' id='word_1_126' title='bbox 1454 2312 1542 2373; x_wconf 88' lang='lat' dir='ltr'>qui</span> 
     </span>
     <span class='ocr_line' id='line_1_25' title="bbox 400 2376 1541 2433; baseline -0.004 -4"><span class='ocrx_word' id='word_1_127' title='bbox 400 2379 673 2430; x_wconf 87' lang='lat' dir='ltr'>Eskimotas</span> <span class='ocrx_word' id='word_1_128' title='bbox 699 2395 724 2425; x_wconf 92' lang='lat' dir='ltr'>a</span> <span class='ocrx_word' id='word_1_129' title='bbox 759 2379 1054 2427; x_wconf 88' lang='lat' dir='ltr'>Normannis</span> <span class='ocrx_word' id='word_1_130' title='bbox 1093 2376 1357 2433; x_wconf 81' lang='lat' dir='ltr'>derivabat,</span> <span class='ocrx_word' id='word_1_131' title='bbox 1381 2378 1440 2424; x_wconf 70' lang='lat' dir='ltr'>&#39;in</span> <span class='ocrx_word' id='word_1_132' title='bbox 1468 2376 1541 2426; x_wconf 69' lang='lat' dir='ltr'>bn·-</span> 
     </span>
     <span class='ocr_line' id='line_1_26' title="bbox 401 2445 1540 2516; baseline -0.004 -20"><span class='ocrx_word' id='word_1_133' title='bbox 401 2461 540 2516; x_wconf 77' lang='lat' dir='ltr'>story</span> <span class='ocrx_word' id='word_1_134' title='bbox 573 2445 638 2511; x_wconf 84' lang='lat' dir='ltr'>of</span> <span class='ocrx_word' id='word_1_135' title='bbox 661 2449 874 2496; x_wconf 82' lang='lat' dir='ltr'>America</span> <span class='ocrx_word' id='word_1_136' title='bbox 907 2447 1068 2496; x_wconf 83' lang='lat' dir='ltr'>T.11.-</span> <span class='ocrx_word' id='word_1_137' title='bbox 1097 2463 1140 2512; x_wconf 87' lang='lat' dir='ltr'>p.</span> <span class='ocrx_word' id='word_1_138' title='bbox 1169 2463 1231 2498; x_wconf 90' lang='lat' dir='ltr'>m.</span> <span class='ocrx_word' id='word_1_139' title='bbox 1261 2461 1344 2511; x_wconf 86' lang='lat'>40.</span> <span class='ocrx_word' id='word_1_140' title='bbox 1378 2445 1540 2494; x_wconf 86' lang='lat' dir='ltr'>hodie-</span> 
     </span>
     <span class='ocr_line' id='line_1_27' title="bbox 399 2512 1250 2577; baseline 0.002 -13"><span class='ocrx_word' id='word_1_141' title='bbox 399 2530 517 2565; x_wconf 81' lang='lat' dir='ltr'>num</span> <span class='ocrx_word' id='word_1_142' title='bbox 546 2517 627 2566; x_wconf 81' lang='lat' dir='ltr'>vix</span> <span class='ocrx_word' id='word_1_143' title='bbox 654 2517 776 2564; x_wconf 87' lang='lat' dir='ltr'>seria</span> <span class='ocrx_word' id='word_1_144' title='bbox 807 2512 1097 2567; x_wconf 81' lang='lat' dir='ltr'>refutatione</span> <span class='ocrx_word' id='word_1_145' title='bbox 1122 2525 1250 2577; x_wconf 81' lang='lat' dir='ltr'>eget.</span> 
     </span>
    </p>
   </div>
  </div>
 </body>
</html>
