1721 3041
368 302 498 367 ¹‘240
545 296 763 356 SEc‘rxo
791 294 892 351 ΙΙΙ.
934 313 1012 352 DE
1045 314 1292 354 GENEms
1316 317 1470 358 EUM.-

369 461 551 525 aliter
590 481 734 524 eum
772 464 1028 524 sensisse
1071 466 1390 525 evidenter*
1435 470 1640 527 termi-

369 551 626 632 nologia
662 552 790 629 ejus
827 551 1328 628 conchyliorum,
1369 553 1495 613 imo
1539 553 1640 612 vel

368 642 561 696 instar
610 639 890 695 omnium
935 657 1126 695 venus
1183 637 1372 695 dione
1428 637 1635 713 docet,
1666 676 1674 679 „

364 721 609 781 lubrico
636 741 783 780 sane
811 720 948 779 stilo
983 722 1414 803 metaphorico
1449 723 1524 780 ab
1557 743 1635 781 eo

365 807 632 888 depicta.
721 809 1056 887 Ignoscent
1089 824 1237 887 ergo
1273 828 1483 865 manes
1523 811 1637 866 viri

363 895 589 952 Summi
631 890 680 949 si
734 908 797 948 et
835 891 955 959 hie,
998 912 1159 967 quae
1205 891 1283 947 de
1327 891 1638 964 gentilitiis

363 973 739 1057 quibusdam
807 972 1205 1030 varietatibus
1278 976 1638 1053 genitalium

360 1074 715 1118 memoratu
751 1051 938 1138 digna
965 1060 1089 1116 visa
1116 1068 1276 1133 sunt,
1316 1063 1636 1119 succincte

363 1164 757 1204 enarravero⁶

485 1313 753 1395 Nigritas
776 1310 1246 1372 mentulatiores
1287 1332 1416 1372 esse
1444 1313 1631 1395 vulgo

358 1396 576 1460 fertur.
678 1396 1040 1479 Respondet
1074 1419 1222 1456 sane
1261 1398 1407 1457 huic
1443 1420 1632 1458 asser-

357 1499 425 1544 to
456 1485 706 1564 insignis
746 1498 1076 1562 apparatus
1113 1482 1472 1562 genitalium
1510 1486 1628 1542 Ae-

355 1569 584 1649 thiopis
613 1588 802 1649 quem
823 1571 887 1624 in
911 1566 1298 1645 supellectile
1322 1588 1461 1624 mea
1483 1589 1628 1626 ana-

356 1657 589 1711 tomica
631 1672 830 1710 servo.
938 1652 1104 1706 Num
1144 1671 1293 1709 vero
1341 1667 1630 1713 constans

354 1743 432 1796 sit
462 1738 620 1796 haec
645 1739 1075 1817 praerogativa
1109 1752 1170 1793 et
1211 1740 1447 1794 nationi
1481 1759 1626 1816 pro-

355 1824 519 1905 pria,
566 1826 777 1882 nescio
813 1828 906 1890 a).
1044 1821 1292 1880 Venere
1337 1821 1626 1963 ardtentes

1480 1926 1624 1965 emi·

417 2139 475 2207 a)
509 2138 640 2188 Idem
667 2137 724 2186 de
739 2138 887 2186 Scotis
916 2122 1365 2201 septentrionalibus
1389 2133 1474 2200 qui
1501 2151 1620 2185 nun-

489 2199 634 2274 quain
691 2206 895 2254 braccati
939 2203 1161 2251 incedunt
1215 2203 1513 2268 praedicabat
1565 2201 1623 2254 cl.

487 2279 646 2334 Faust‚
684 2276 776 2324 wie
803 2273 888 2322 der
918 2270 1336 2321 Geschleclztstrieb
1369 2271 1453 2321 der
1483 2273 1619 2322 Men·

485 2343 622 2395 schen
652 2347 702 2394 in
731 2343 968 2409 Orolnung
995 2358 1055 2391 zu
1089 2341 1299 2409 bringen,
1343 2357 1432 2406 pag
1486 2355 1565 2401 52.

569 2461 641 2508 De
666 2457 737 2506 his
771 2470 889 2505 vero
913 2455 1067 2505 minus
1096 2451 1220 2504 reete
1250 2456 1340 2503 hoc
1385 2449 1616 2504 assertum

483 2540 601 2582 esse,
639 2527 923 2575 auffloritate
951 2528 1231 2586 gravissima
1258 2526 1396 2572 docui
1437 2525 1482 2569 in
1523 2540 1613 2572 mee

487 2593 745 2647 oliciniscbze
768 2592 1032 2647 Bibliothec
1066 2596 1138 2647 T.
1164 2597 1252 2653 ΙΙΙ,
1290 2605 1398 2659 pag.
1425 2604 1542 2657 413.
