1721 3041
891 170 898 192 Ι

114 297 152 334 A
177 293 413 334 CETEms
444 292 801 330 ANIMALIBUS
824 286 1227 328 DIFFERENTIA.
1277 269 1357 338 45

123 465 126 470 ’
173 486 177 487 ⁷
214 445 435 504 Tabas
449 444 905 502 alimentarias
921 439 1199 522 perfecte
1223 438 1360 499 talis

91 530 342 613 qualem
386 553 421 588 a
465 534 569 587 ni
615 550 677 585 m
723 527 924 586 alo
971 549 1101 585 mn
1144 531 1246 585 iv
1293 546 1361 584 0-

90 638 128 673 r
166 639 209 674 u
254 639 317 674 m
371 615 601 673 habere
635 612 989 696 oportebat.

217 745 565 802 Carnivoris
591 742 718 800 scil.
769 734 1241 821 quedammodo
1287 738 1363 795 si'-

88 826 302 885 milem
337 827 560 886 dixeris
586 824 920 884 ventriculi
952 839 1262 882 structura
1299 837 1364 879 et

87 916 362 971 intestini
409 916 580 972 caeci
612 911 956 973 brevitate:

212 1037 555 1095 herbivoris
592 1053 812 1096 contra
846 1040 1119 1095 intestini
1141 1037 1368 1101 tenuis

88 1120 483 1199 longitudine
514 1137 578 1176 et
604 1125 828 1197 insigni
859 1142 894 1175 a
940 1142 1144 1178 crasso
1188 1117 1367 1176 diffe-

89 1208 319 1273 lentia3
367 1201 510 1261 colo
549 1201 850 1273 bulboso;
911 1201 1162 1261 defectu
1196 1202 1367 1283 glan-

91 1287 378 1346 dula'rum
407 1284 686 1343 odorifei
690 1306 865 1342 arum
892 1301 1168 1367 smegma
1191 1303 1368 1397 Pone·

88 1385 278 1430 anum
313 1374 776 1430 secernentium
815 1385 933 1429 ete.
1356 1376 1360 1399 ³

212 1499 576 1557 Muliebria
636 1497 910 1582 denique
971 1514 1225 1579 praeter
1291 1519 1367 1557 ea

90 1604 253 1667 quae
280 1607 467 1665 supra
499 1590 623 1643 iam
659 1588 1076 1644 enarravimus
1102 1631 1115 1657 ‚
1162 1589 1367 1665 singu-

87 1669 203 1727 lari
240 1675 402 1736 uteri
437 1670 956 1750 parenchymate3
1017 1686 1364 1750 conceptus

90 1770 300 1811 autem
333 1771 463 1811 tum
491 1753 820 1834 placentae
844 1756 1090 1810 textura
1116 1772 1251 1812 tum
1273 1751 1369 1810 fu-

90 1838 282 1897 niculi
324 1838 688 1897 umbilicalis
729 1836 1122 1917 longitudine
1162 1854 1225 1896 et
1251 1857 1368 1909 ¹ve-.

83 1945 171 1987 na
196 1922 536 1983 umbilicali
564 1928 747 1982 unica
779 1927 1028 2003 insignis
1064 1939 1174 1982 est.

211 2049 481 2109 Tenello
528 2070 678 2108 vero
719 2046 1048 2130 embryom‘
1085 2049 1365 2108 humano

92 2152 396 2217 quantum
421 2140 549 2194 scio
574 2138 827 2215 propria
867 2151 958 2193 est
1007 2139 1369 2216 aenigmati*

92 2241 165 2279 ca
240 2220 541 2279 hactenus
617 2220 912 2277 vesicula
975 2220 1371 2278 umbilicalis

93 2324 281 2386 quam
317 2305 603 2364 omnibus
641 2304 924 2363 humanis
951 2303 1244 2364 foetubus
1286 2302 1368 2362 ad

94 2395 661 2469 quartuchirciter
703 2411 901 2471 usque
932 2407 1076 2471 post
1098 2410 1368 2469 concep-

93 2479 332 2534 ῘῙΟΠΘΠῙ
365 2496 673 2549 ΠΙΘΠΞΘΠΙ,
722 2496 1122 2537 communem
1167 2492 1229 2534 Εἰ
1273 2494 1367 2532 83-

1217 2579 1366 2617 CUss-
