1721 3041
299 291 805 345 DEGENERA'noNiz
842 299 911 341 1N
932 294 1170 342 spuma(
1244 298 1268 342 1
1288 309 1356 366 17

89 451 314 532 quibus
369 448 793 532 integumenta
850 455 1129 532 corporis
1187 472 1357 511 com-

88 540 317 608 munia,
365 556 562 616 aeque
603 558 676 596 ac
710 535 1034 617 pulmones
1074 552 1137 594 et
1166 541 1352 596 intes-

88 618 288 678 tinalis
324 620 503 678 tubus
535 642 828 701 magnum
873 621 1194 687 machinae
1229 621 1346 697 ⁵hu?-

85 723 307 762 manae
341 710 766 786 purgatorium
791 721 852 763 et
896 704 1350 764 laboratorium-

85 786 430 846 chemicum
490 795 899 863 constituunt,
960 791 1133 865 cujus
1184 811 1346 847 sum-

82 890 222 928 mae
249 893 520 953 quoque,
566 891 635 930 ut
654 897 802 932 mox
826 874 1080 954 patebit,
1128 873 1207 931 ad
1239 894 1343 931 co-

77 951 278 1012 lorem
306 972 637 1017 cutaneum
654 957 1177 1032 constituendum,
1207 979 1343 1040 par-

79 1052 171 1097 tes
205 1056 365 1102 sunt.

206 1205 486 1267 Oblitum
517 1272 521 1275 ,
548 1225 639 1269 est
701 1213 939 1269 corium
1001 1213 1338 1267 tenerrimo

77 1309 294 1361 muca,
353 1311 538 1370 quem
578 1314 656 1350 ex
698 1312 960 1349 erronea
1005 1297 1341 1362 inventoris

77 1371 490 1453 descriptione
564 1376 909 1434 recicalmn
980 1375 1343 1455 Malpz'glzii

76 1473 320 1530 vocant,
365 1473 428 1516 et
453 1463 569 1540 qui·
590 1458 968 1539 glutinosum
1001 1463 1174 1541 quasi
1211 1462 1340 1516 vin-

79 1539 288 1599 culum
322 1543 614 1621 praebet²
660 1566 786 1624 quo
826 1549 1122 1609 extimum
1167 1542 1340 1615 deni-f

75 1645 200 1704 que
253 1630 823 1707 integumentorum
866 1645 1142 1700 stratum,
1206 1631 1333 1708 epi-

78 1710 314 1768 dermz‘s
365 1732 591 1790 nempe
622 1734 666 1772 s,
712 1712 1012 1784 cuticula,
1060 1715 1340 1790 corporis

75 1791 464 1872 superficiem
497 1794 816 1853 obducens
849 1808 911 1852 et
935 1809 1338 1874 superconte-

76 1896 260 1954 genS,
318 1877 810 1958 semipellucida‚
871 1883 1034 1936 etin
1079 1877 1335 1935 homine

73 1976 223 2019 nato
250 1965 532 2041 proxime
560 1967 686 2021 aeri
713 1962 1205 2043 atmosphaerico
1232 1982 1335 2021 ex-

73 2049 290 2126 posita,
339 2050 511 2105 corio
544 2046 857 2126 adhaeret.

196 2212 548 2272 Reticulum
603 2235 803 2296 aeque
872 2236 944 2273 ac
1006 2212 1332 2293 epidermis

73 2311 379 2355 structura
418 2297 853 2379 simplicissima
906 2302 1105 2355 nervis
1156 2302 1333 2356 vasis-

76 2400 200 2461 que
230 2380 413 2460 plane
449 2381 755 2457 destituta,
799 2383 1149 2462 longissime
1178 2402 1332 2440 aco-

74 2468 149 2524 rii
183 2480 403 2524 natura
447 2464 769 2539 differunt,
853 2470 1115 2526 invicem
1180 2485 1326 2522 vero
1359 2498 1362 2499 ν

665 2552 724 2607 Η
767 2552 803 2609 3
1201 2569 1330 2607 non
