1721 3041
146 307 185 346 A
213 302 449 343 CETEms
478 300 847 339 ANIMALOEUS
876 299 1283 339 DIFFERENTIA.
1331 278 1412 342 55

120 452 510 513 facultatum.
601 448 750 509 Aliis
779 450 1100 531 singularis
1138 449 1400 509 directio

121 537 491 600 facultatum
528 541 750 595 mentis
776 536 1091 595 humanae
1129 552 1192 594 et
1219 557 1264 594 S.
1294 558 1355 616 p.

285 640 434 705 Non
469 657 755 702 nostrum
805 643 970 698 inter
1029 642 1144 700 1105
1202 656 1404 700 tantas

732 747 1117 808 componere
1156 725 1314 785 liteS.

244 881 494 939 Brevius
537 895 747 938 autem
778 895 840 938 et
881 882 1071 938 tutius
1121 875 1402 959 expediii

117 971 556 1063 quaestionem
587 963 861 1037 confido,
909 970 974 1038 si,
1024 989 1068 1022 a
1093 978 1403 1045 postello-

118 1055 177 1109 Τι’
205 1067 274 1107 ut
291 1049 526 1122 dicunt,
562 1054 742 1108 istam
774 1050 1040 1127 hominis
1066 1066 1400 1129 praeroga-

117 1139 309 1192 tivam
342 1138 407 1188 in
437 1152 513 1190 eo
515 1137 829 1215 ponimus
862 1134 1036 1210 quod
1071 1139 1273 1212 ipsum
1305 1152 1401 1188 re-

118 1216 438 1296 liquorum
466 1209 874 1271 animantium
904 1220 1319 1294 imperantem
1338 1230 1402 1273 et

118 1299 448 1357 dominum
493 1295 642 1355 facit
690 1297 773 1366 l).
923 1301 1071 1355 Esse
1114 1302 1229 1377 ipsi
1272 1299 1403 1356 1100

115 1386 448 1463 imperium
491 1384 554 1439 in
594 1379 930 1462 plopatulo
974 1399 1084 1440 est.
1177 1381 1400 1463 Aeque·

117 1488 268 1527 vero
295 1464 708 1539 manifestum,
740 1488 1019 1525 caussam
1041 1471 1178 1526 -eius
1207 1471 1403 1547 impe-

117 1556 193 1611 rii
237 1573 369 1610 non
408 1555 473 1609 in
510 1572 823 1631 corporeo
860 1552 1127 1612 hominis
1163 1552 1400 1611 robore

116 1641 385 1719 positam
429 1657 580 1694 esse.
686 1638 886 1696 Unice
936 1658 1087 1714 ergo
1141 1637 1220 1695 ad
1270 1641 1399 1695 ani-

116 1743 259 1780 mae
305 1721 484 1778 dotes
551 1741 893 1801 earumque
954 1726 1400 1800 praestantiam

117 1803 449 1864 referenda
480 1819 588 1862 est.
663 1806 917 1885 Hasque
944 1805 1143 1881 dotes,
1173 1805 1399 1886 quibus

119 1912 270 1971 ergo
304 1891 495 1948 homo
534 1887 777 1969 leliqua
800 1893 1136 1948 animantia
1168 1890 1399 1965 longis-

118 1980 271 2039 sime
312 1989 594 2055 superat,
643 1978 1073 2059 cuiuscunque
1114 1991 1398 2121 cetiergm

1243 2084 1283 2119 11
1333 2080 1401 2117 0-

186 2162 244 2230 l)
279 2161 542 2228 „Quisquis
593 2177 637 2210 es
686 2162 877 2230 iniquus
924 2164 1209 2213 aestimator
1256 2161 1403 2211 sortis

255 2231 546 2293 „humanae‚
583 2232 741 2298 cogita
783 2245 966 2297 quanta
1001 2231 1132 2280 nohis
1172 2230 1400 2280 tribuerit

255 2313 456 2363 „parens
484 2311 660 2375 noster,
696 2312 874 2364 quanto
903 2298 1171 2349 valentiora
1213 2301 1401 2348 anima-

259 2365 366 2425 „lia
392 2363 673 2432 subjugum
714 2369 1012 2427 miserimus,
1051 2379 1231 2431 quanto
1269 2371 1397 2413 velo..

260 2435 427 2495 „ciora
456 2450 773 2500 assequamur,
808 2452 952 2499 quam
983 2436 1105 2484 nihil
1130 2438 1197 2485 :cit
1217 2447 1396 2482 morta-

262 2501 340 2565 ,λε
370 2516 463 2550 non
490 2505 574 2553 sub
601 2504 700 2553 ictu
722 2515 880 2551 nostro
901 2503 1155 2570 positum.'‘
1208 2506 1396 2558 Seneca.

693 2574 839 2634 D5
