1721 3041
178 287 218 325 A
243 265 481 324 emarus
498 282 865 322 .AN1MAL1BUS
893 282 1298 327 ΒιΡι-ἚΗΕΝΤῙΑ.
1349 260 1426 330 55

131 433 420 493 ‘malibus
452 454 612 515 quae
643 438 768 493 istis
800 433 1089 496 dentibus
1117 437 1428 518 prioribus

155 518 596 593 destituuntur,
644 536 714 577 ut
749 540 999 600 pecora,
1050 538 1112 580 et
1156 522 1426 604 elephas,

155 620 221 663 et
250 603 613 670 rhinoceros
646 604 917 664 bicornis
947 605 1270 682 africanus,
1319 625 1428 667 aut

152 709 318 770 quae
344 687 529 770 plane
557 688 853 758 edentula
885 706 1028 748 sunt
1054 707 1125 749 ut
1165 714 1430 770 myrme-

66 789 72 794 ·
151 773 477 855 cophagae
513 790 577 833 et
605 773 933 848 balaenae,
990 779 1198 856 potius
1230 800 1298 836 os
1331 783 1428 835 in-

87 919 96 921 „
149 859 608 918 cermaxz'llczre
648 859 1004 919 vocandum
1059 867 1272 920 censui
1318 869 1421 932 149.-

150 942 297 1003 Aliis
336 944 540 1004 hocce
599 965 667 1003 os
696 949 952 1003 unicum
984 961 1078 1005 est
1111 963 1173 1004 et
1209 944 1429 1006 indivi-

148 1049 305 1101 sum,
347 1029 553 1088 multis
581 1045 801 1099 contra
819 1029 1199 1110 bipartitum,
1230 1037 1430 1091 omni·

148 1111 264 1169 bus
284 1133 432 1168 vero
460 1118 683 1168 suturis
716 1119 978 1190 propriis
1013 1137 1050 1170 a
1072 1119 1283 1193 vicinis
1306 1116 1428 1176 cal-

149 1199 356 1253 variae
397 1193 633 1252 ossibus
666 1193 1056 1269 distinctum,
1101 1196 1306 1258 faciali
1343 1200 1428 1258 al-

151 1294 286 1336 tera
337 1277 652 1357 plerisque
715 1281 1009 1358 utrinque
1075 1284 1426 1344 secundum

146 1382 367 1419 nasum
402 1360 481 1418 ad
511 1377 822 1419 extremos
848 1364 1190 1423 incisorum
1218 1365 1426 1427 alveo-

145 1444 241 1504 los
271 1445 588 1519 tendente,
636 1444 908 1526 palatina
941 1445 1141 1511 altera¹
1176 1449 1254 1509 ab
1296 1456 1425 1513 istis

146 1529 402 1589 alveolis
426 1552 635 1591 versus
666 1529 973 1590 foramina
1000 1531 1276 1613 palatina
1317 1559 1423 1596 an-

144 1619 269 1674 tica
295 1633 565 1675 arcuata.
645 1618 817 1675 'Cum
846 1637 994 1697 ergo
1033 1617 1425 1683 desideratis—-

144 1706 331 1759 simus
378 1703 646 1780 Camper
689 1699 1006 1762 defectum
1042 1702 1224 1764 huius
1271 1713 1421 1768 ossis

144 1784 228 1842 ad
295 1789 602 1864 principes
682 1783 1069 1843 characteres
1135 1789 1420 1850 retulerit

132 1868 370 1950 ⁴quibus
433 1869 626 1927 homo
685 1867 762 1926 ab
814 1867 942 1926 aliis
987 1873 1419 1934 mammalibus

143 1952 413 2028 differat,
462 1952 695 2034 duplex
726 1973 875 2012 sane
904 1958 1103 2012 oritur
1134 1965 1418 2038 quaestio

322 2045 376 2108 1)
421 2061 574 2097 num
602 2059 746 2097 vere
769 2038 962 2097 homo
992 2060 1068 2098 eo
1102 2059 1329 2118 careat,

316 2127 377 2195 2)
422 2144 701 2205 numque
727 2127 936 2182 omnia
965 2123 1207 2207 reliqua
1225 2149 1416 2189 mam·

227 2208 408 2267 malia
443 2209 672 2269 eodem
699 2213 1003 2268 'instructa
1030 2211 1193 2270 sint?

746 2294 794 2351 C
844 2316 880 2351 2
1287 2299 1414 2358 Pri-⁶

212 2424 279 2486 w)
317 2419 587 2472 clarissimis
627 2407 864 2471 zoctomis
891 2422 1020 2474 vitet
1055 2433 1101 2474 et
1137 2424 1412 2492 Vic'qod'Ae

279 2507 363 2548 zyr
389 2492 522 2540 audit
549 2509 598 2540 os
625 2492 876 2541 maxillare
906 2491 1129 2558 inferius,
1167 2491 1346 2545 Blairio
1359 2499 1411 2546 in

281 2561 618 2627 ostcographia
641 2557 939 2626 elephantina
972 2575 1022 2609 os
1040 2558 1210 2627 palati.
