1721 3041
131 291 169 324 A
199 280 436 321 CETEms
463 281 821 320 ANIMALIBUS
849 284 1258 323 DIFFERENTIA,
1311 274 1394 345 49

110 455 273 490 num
330 435 519 490 vitae
565 435 918 499 terminum
959 433 1043 499 h.)
1081 432 1313 492 habeat
1357 452 1395 490 a

110 534 335 576 natura
378 512 742 596 praefixum.

235 688 521 748 Staturae
545 691 785 745 mentio
841 708 1030 767 quam
1079 690 1283 762 inieci,
1329 691 1397 746 in

108 790 389 832 mentem
420 784 676 831 revocat
705 771 1081 852 singularem
1113 777 1394 852 proprie-

108 874 306 916 tatem
356 857 574 916 itidem
631 873 881 937 praeter
943 856 1271 915 hominem
1325 861 1392 914 in

107 942 285 1002 nullo
315 943 436 1001 alio
480 946 779 1000 animanti
830 942 1005 1023 quod
1044 946 1236 1001 sciam
1284 940 1396 1000 ob-

107 1044 433 1100 servatam,
483 1043 544 1085 et
578 1050 614 1084 a
643 1031 763 1085 situ
806 1031 935 1085 eius
983 1043 1196 1087 erecto
1244 1048 1397 1108 pen-

110 1111 389 1182 dentem,
439 1111 614 1189 quod
647 1110 776 1167 scil.
805 1116 1147 1168 matutina
1177 1134 1396 1192 corpo·-

109 1199 198 1252 νίς
250 1198 378 1251 eius
441 1214 743 1249 mensura
792 1207 1208 1252 transversum
1247 1194 1399 1274 eligi-

111 1296 245 1336 tum
273 1293 335 1334 et
384 1275 558 1355 quod
599 1279 904 1349 excurrit,
949 1283 1398 1352 vespertinam

111 1362 399 1420 excedat
437 1363 508 1428 z).

1158 1441 1394 1505 Sexua-

175 1541 237 1612 h)
275 1544 569 1596 Terminum
587 1549 715 1596 vitae
733 1547 969 1596 humanae
995 1543 1262 1599 naturalem
1282 1547 1393 1616 (qui

242 1630 414 1681 nempe
447 1614 892 1682 pro'frequentiore
921 1628 967 1665 et
996 1620 1135 1683 quasi
1180 1617 1397 1680 regulari

244 1683 564 1751 proveetioris
604 1687 721 1732 senii
752 1696 876 1732 meta
907 1684 1074 1732 haberi
1106 1690 1285 1752 possit)
1316 1687 1395 1734 de·

250 1752 388 1799 finire
417 1753 498 1799 vix
529 1752 733 1814 quidem
756 1750 879 1812 licet.
974 1752 1294 1801 Memorabile
1326 1766 1395 1801 ta-

247 1835 393 1873 men,
447 1817 580 1882 qnod
629 1816 842 1883 plurium
899 1817 1176 1867 tabularum
1234 1833 1398 1872 curata

248 1889 608 1952 comparatione
628 1886 789 1941 didici,
829 1889 938 1935 satis
961 1886 1138 1936 multos
1169 1905 1258 1954 pro
1283 1904 1396 1955 por-

247 1957 380 2003 tione
422 1971 554 2003 senes
592 1958 866 2020 Europaeos
912 1972 1088 2003 annum
1132 1959 1297 2004 aetatis
1330 1968 1397 2020 84

249 2024 501 2083 attingere,
540 2037 715 2086 pancos
752 2025 916 2069 eontra
942 2039 1053 2069 eum
1083 2023 1294 2072 vivendo
1316 2042 1395 2071 su·

245 2105 430 2158 perare.
475 2094 678 2138 Ratione
705 2106 822 2151 ergo
840 2091 998 2138 habita
1018 2090 1248 2140 humanae
1261 2090 1394 2158 long-

246 2157 501 2214 acuitatis,
579 2158 904 2224 comparando
950 2176 1054 2223 eam
1109 2173 1216 2206 cum
1271 2158 1390 2208 alio·

247 2243 356 2275 rum
383 2225 711 2274 mammalinm
740 2229 866 2274 vitae
891 2229 1126 2282 terminis,
1147 2224 1285 2275 facile
1310 2245 1390 2294 pa·

248 2305 317 2343 tet
341 2307 519 2359 quanta
549 2292 624 2343 vel
650 2313 707 2344 eo
742 2312 939 2361 quoque
979 2298 1173 2343 nomine
1203 2296 1390 2343 homini

249 2379 467 2409 concessa
498 2365 555 2411 sit
581 2367 932 2430 praerogativa,
971 2376 1053 2412 aut
1088 2361 1256 2411 saltem
1287 2361 1388 2410 lon·

200 2450 215 2462 ³
250 2446 336 2492 gae
362 2429 589 2479 infantiae
623 2449 730 2479 cum
765 2432 930 2479 fenore
959 2434 1300 2497 compensatio-

126 2519 129 2524 ’
185 2494 244 2565 i)
295 2500 506 2566 primum
550 2501 600 2549 id
640 2500 928 2550 observante
955 2514 1168 2565 a.1724.
1214 2495 1388 2545 clerico

753 2571 795 2617 D
1213 2561 1388 2628 Anglo‚
