1721 3041
505 320 728 360 SPECIES
765 319 988 360 UNch..
1250 324 1370 383 299
1450 335 1452 337 ’

229 470 388 530 Abb.
421 469 500 531 de
526 471 586 530 Ia
616 474 806 533 Croix
841 471 1126 531 homines
1158 470 1371 531 dividit:

102 560 168 616 in
201 556 442 617 albidos
469 574 531 616 et
558 562 785 641 nigros,
853 557 997 616 Illos
1022 573 1231 617 autem
1266 556 1369 616 de·-

62 653 68 656 ”
102 663 231 700 nuo
261 647 326 700 in
359 667 408 701 1.
443 642 615 703 albos
652 648 905 725 proprie
931 647 1018 701 sic
1044 642 1260 702 dictos.
1308 665 1367 701 2.

101 725 320 785 badios
344 728 614 799 (bruas).
649 732 706 790 3.
732 728 922 810 gilvos
950 733 1368 810 (jazmczcres).

104 827 168 870 et
196 811 504 872 olivaceos
548 815 623 886 l).

223 988 299 1048 cl.
321 989 489 1045 Kant
509 985 586 1044 ab
601 984 759 1046 Avto
769 983 1143 1046 Chthonibus
1163 985 1374 1046 subfu-

100 1076 215 1131 scis
258 1075 507 1142 (weisse
549 1092 685 1130 von
742 1070 1073 1130 bric'netcer
1124 1071 1380 1151 Farbe)

100 1173 375 1239 quatuor
398 1160 724 1214 varietates
755 1155 1020 1217 derivat:
1081 1182 1132 1216 1.
1167 1156 1376 1216 candi-

102 1242 250 1299 dam
280 1244 573 1320 Europae
599 1240 885 1301 borealis.
938 1265 995 1301 2.
1029 1245 1242 1324 cuprei
1272 1251 1375 1302 co-

98 1325 247 1384 leris
286 1327 740 1385 Americanam.
800 1327 857 1385 3.
907 1330 1145 1408 nigram
1185 1328 1375 1393 Sene-

99 1409 403 1492 gambiae.
454 1417 512 1479 4.
552 1409 895 1472 olivaceam
930 1411 1211 1473 Indicam
1249 1419 1373 1483 m).

231 1583 306 1644 el.
335 1587 430 1642 ιΪο.
457 1585 707 1642 Hunter
741 1586 826 1642 M.
848 1585 950 1642 D.
994 1600 1236 1663 septem
1276 1606 1378 1643 va-·

99 1672 351 1729 rietates
386 1683 701 1727 recenset:
748 1692 797 1726 1.
827 1672 1149 1747 nigrorum
1177 1668 1383 1732 homi--

101 1752 703 1831 numfAethiopum
739 1773 984 1831 nempe,
1024 1753 1377 1831 Papuarum

101 1857 221 1902 etc.
299 1862 354 1898 2.
386 1837 825 1917 subnigrorum
866 1839 1275 1893 Mauritaniae
1313 1852 1379 1893 et

103 1929 317 2005 capitis
352 1923 562 1981 bonae
602 1926 734 2001 spei
762 1921 1127 1980 incolarum.
1179 1922 1234 1979 3.
1272 1941 1377 1979 cu-

98 2028 429 2092 preorum,
498 2005 712 2064 Indiae
761 2005 1093 2065 orientali&
1174 2013 1231 2076 4.
1277 2027 1378 2062 ru-

99 2094 394 2164 brornm,
457 2091 994 2150 Americanorum.
1072 2091 1129 2149 5.
1173 2088 1380 2149 fusco-

534 2193 536 2195 ’
1215 2197 1374 2248 rum,

173 2328 211 2392 l)
243 2347 289 2377 v.
322 2330 391 2388 Ej.
430 2325 724 2393 Geographie
748 2327 964 2376 moderne
990 2326 1057 2374 T.
1086 2327 1123 2374 I.
1164 2340 1271 2389 pag.
1290 2324 1375 2377 62.

241 2396 318 2446 ed.
352 2408 400 2456 5.
437 2397 490 2443 it.
529 2394 798 2456 Vaugondy
828 2393 860 2444 l.
894 2412 931 2444 c.
967 2393 1061 2442 tab.
1096 2405 1141 2453 3.

173 2479 242 2540 m)
281 2488 384 2524 tum
410 2478 459 2523 in
483 2474 539 2524 cl.
572 2473 718 2537 Engel
749 2472 1006 2541 Plzilosoplz
1027 2472 1126 2537 fiir
1148 2473 1223 2522 elie
1244 2469 1375 2520 Wclc

239 2546 307 2594 T.
336 2546 396 2593 11.
446 2555 548 2591 tum
590 2547 639 2593 in
681 2541 902 2593 Berltner
943 2539 1375 2604 Monats-Schrift

240 2621 387 2678 1785.
426 2614 495 2663 T.
517 2617 601 2665 v1.
