1721 3041
294 285 793 340 DEGENERATmNss
825 286 889 326 m
913 286 1124 326 spncm.
1223 292 1246 325 1
1266 267 1337 329 15

81 437 433 517 jungamus:
479 438 846 515 auspicaturi
871 456 906 493 a
925 440 1076 495 cutis
1102 435 1335 512 colore,

83 521 260 602 quod
316 524 427 578 etsi
473 540 604 576 non
646 517 859 577 fallere
906 526 1174 592 nesciUS,
1247 539 1336 580 ta-

81 626 230 664 men
262 624 409 685 prae
442 601 686 683 reliquis
717 602 894 662 valde
932 622 1218 665 constans
1261 611 1353 665 sit·

81 705 147 749 et
180 688 581 747 hereditarius
623 688 940 747 character
978 697 1082 763 γ),
1129 707 1190 748 et
1233 693 1340 771 qui

79 776 146 832 in
173 771 431 848 hybrida
454 777 770 852 progenie,
801 792 877 830 ex
905 773 1129 852 copula
1143 775 1341 833 diver-

77 860 128 915 si
156 855 376 914 coloris
405 860 770 915 varietatum
799 873 952 929 orta,
981 854 1063 934 (ἕ.
1086 859 1218 938 57.)
1246 858 1339 916 lu-

72 938 491 999 culentissime
521 946 842 1020 utriusque
877 947 1147 1020 parentis
1187 947 1341 1002 tinc-

76 1039 216 1082 tura
260 1029 482 1083 mixtus
532 1041 853 1105 appareat,
934 1027 1103 1103 cujus
1145 1049 1337 1106 porro

74 1128 301 1188 :magna
339 1129 479 1165 cum
509 1108 875 1186 capillorum
907 1125 967 1165 et
994 1110 1158 1167 iridis
1191 1115 1340 1171 ocu-

75 1189 282 1249 lorum
320 1190 532 1248 colore
582 1194 925 1263 consensis),
967 1207 1029 1248 et
1069 1193 1148 1249 ad
1188 1210 1341 1252 tem-

77 1289 507 1355 peramentum
559 1273 880 1330 hominum
945 1273 1163 1331 relatio
1227 1282 1337 1347 sit;

74 1362 309 1440 quique
337 1361 400 1414 in
424 1360 772 1414 universum
802 1354 898 1412 vel
935 1355 1338 1420 indoctorum

74 1440 293 1502 oculos
324 1444 602 1502 omnium
624 1444 891 1499 maxime
918 1437 1118 1503 feriat.

577 1644 636 1727 ἓ.
728 1656 827 1717 42.

315 1771 492 1836 ,ςειίθὲ
512 1783 517 1789 '
538 1777 763 1834 coloris
809 1778 1093 1836 cucanei.

199 1903 355 1967 Tela
393 1929 665 1981 mucosa,
710 1926 896 1988 quam
922 1903 1107 1988 vulgo
1148 1902 1335 1970 cellu-

73 1989 270 2054 losam
292 2009 535 2064 vocant,
580 1992 658 2049 de
685 1994 855 2067 cujus
879 2013 1115 2049 summa
1140 1997 1203 2051 in
1229 2016 1336 2054 oe-

73 2081 363 2138 conomia
400 2080 675 2156 corporis
719 2075 973 2133 humani
1038 2071 1355 2157 dignitate

72 2184 255 2243 supra
289 2161 486 2220 locuti
515 2182 722 2220 sumus
754 2157 856 2238 (§.
889 2162 1065 2240 17.)‚
1110 2166 1201 2220 uti
1240 2181 1335 2223 to·-

1213 2263 1334 2308 tius

138 2347 199 2414 x)
236 2365 285 2396 v.
327 2344 383 2394 cl.
424 2344 542 2396 Kant
599 2347 647 2401 in
706 2345 909 2396 Berliner
959 2344 1337 2415 Monatsschrzfe

206 2423 352 2476 1785.
384 2415 450 2463 T.
487 2416 563 2468 VI.
608 2434 712 2483 pag.
747 2431 860 2478 391.
907 2426 955 2464 et
991 2419 1042 2468 in
1080 2418 1331 2469 Teutschen

204 2484 402 2536 Merkur
430 2492 574 2549 1788·
606 2487 711 2604 Pi}
743 2500 849 2550 pag.
879 2492 961 2550 48.

725 2566 759 2610 2
