1721 3041
279 262 780 306 DEGENERATIONE
824 260 885 297 IN
928 257 1140 296 SPEC1E.
1239 233 1352 294 185

94 437 159 481 et
196 418 564 496 Majorcanis
585 412 669 490 f)
711 411 1098 487 symmetrica
1137 421 1199 465 et
1234 408 1356 464 exi-

95 510 217 567 mia
243 497 640 586 pulchritudo
673 498 1014 577 communis
1047 507 1155 551 est.

227 634 282 669 2.
328 611 407 666 Ni
441 603 624 664 fallor
669 599 952 679 exempla
999 612 1211 657 extant
1245 594 1358 676 po-

95 696 387 780 pulorum
424 694 530 774 qui
568 704 901 770 postquam
946 683 1121 741 sedes
1161 695 1359 738 muta-

86 796 243 840 ·runt
270 795 331 836 et
367 776 657 834 aliorsum
706 776 1075 851 migrarunt,
1121 781 1359 844 tempo-

99 870 178 925 ris
234 882 562 945 progressu
605 859 923 938 pristinam
975 869 1230 934 quoque
1274 846 1359 904 fa-

100 955 260 1010 ciem
282 967 423 1006 oum
446 964 625 1016 nova,
651 961 814 1000 novo
848 937 1076 996 elimati
1090 935 1360 1018 propria,

16 1079 18 1081 »
98 1044 547 1116 permutarunt.
636 1028 891 1084 Jacutae
923 1044 977 1079 v.
1017 1042 1067 1080 c.
1113 1041 1147 1076 a
1175 1017 1363 1098 pluri-

98 1123 212 1180 mis
285 1116 719 1196 antiquitatum
787 1101 1365 1188 septentrionalium

101 1198 458 1261 auctoribus
500 1194 579 1251 ad
606 1198 659 1251 T
664 1197 956 1251 ataricam
995 1194 1245 1268 stirpem
1274 1205 1366 1243 re-

102 1285 404 1345 feruntur.
510 1281 754 1335 Faciem
801 1296 948 1332 vero
1000 1293 1217 1331 eorum
1255 1271 1368 1327 ho-

105 1371 206 1430 die
241 1361 661 1444 Mongolicam
707 1379 871 1433 esse,
920 1360 1114 1416 curati
1156 1370 1368 1432 avtop-

103 1471 205 1518 tae
231 1463 534 1522 asserunt,
583 1462 644 1503 et
669 1450 798 1526 ipse
842 1447 907 1501 in
944 1446 1201 1500 Jacutae
1233 1458 1368 1509 ‘ora-

106 1543 211 1615 nixo
256 1532 429 1616 quod
473 1551 681 1611 gener.
727 1526 793 1587 L.
825 1530 889 1586 B.
923 1526 999 1586 ab
1031 1523 1193 1584 Ascli
1237 1544 1371 1580 mu-

104 1621 418 1684 nificentia
477 1611 927 1695 supellectilem
996 1629 1202 1669 meam
1267 1628 1372 1663 an-

106 1702 604 1783 thropologicam
627 1712 826 1769 ornat,
843 1717 1052 1754 coram
1073 1692 1253 1750 video
1265 1697 1369 1771 g).

106 1788 318 1850 Simile
354 1783 501 1866 quid
530 1782 608 1839 de
640 1782 1019 1838 Americanis
1054 1780 1375 1854 utriusque

110 1892 305 1934 zonae
375 1866 795 1951 frigidissimae
842 1861 1003 1922 infra
1056 1858 1375 1922 notabitur

111 1955 217 2037 (g.
253 1955 408 2029 330.

236 2053 330 2108 Ita
369 2062 433 2106 et
464 2045 724 2106 Creolos
760 2045 837 2103 ab
875 2042 1084 2123 Anglis
1112 2041 1377 2121 parenti-

109 2137 227 2200 bus
259 2150 322 2193 et
349 2135 590 2213 proavis
616 2135 682 2189 in
711 2127 1010 2189 Antillicis
1044 2124 1253 2186 insulis
1281 2143 1378 2180 or-

1278 2223 1375 2264 tos

175 2324 252 2392 f)
289 2339 339 2371 v.
366 2320 622 2370 Me‘moires
642 2317 712 2397 ’du
733 2314 964 2367 cardinal
988 2314 1042 2364 de
1069 2314 1186 2364 Retz
1215 2313 1282 2362 T.
1300 2313 1379 2360 111.

185 2402 732 2531 &PRciffi'rdniorum
756 2450 906 2499 altera
935 2465 1041 2518 pag.
1066 2460 1144 2502 11.

747 2521 916 2581 M5·
