1721 3041
223 307 262 350 A
286 302 522 346 CETERIS
546 301 903 342 ANIMALIBUS
925 300 1330 341 DIFFERENTIA.
1386 307 1406 344 1
1429 307 1452 347 1

193 456 370 540 quod
399 454 652 538 quidem
679 457 946 512 maxime
986 468 1355 533 argumento
1386 473 1465 514 ex

192 544 567 622 osteogem‘a
647 543 845 622 petito
927 542 1258 611 evincitur,
1335 559 1463 619 quo

189 647 418 707 nempe
462 629 526 683 in
573 645 774 705 nuper
825 628 973 681 nato
1035 622 1273 682 infante
1328 644 1465 682 ossa

190 716 355 784 tarsi,
403 726 464 769 et
500 714 768 768 maxime
797 707 1052 791 quidem
1080 707 1465 780 calcaneum,

187 794 378 875 longe
407 799 581 857 citius
632 813 944 853 ossesceie
984 811 1046 851 et
1089 791 1467 873 perfectioia

186 878 323 943 fieri
355 902 541 962 quam
564 883 733 959 carpi
764 900 919 952 ossa,
962 895 1234 941 constat:
1273 877 1468 958 idque

186 981 258 1025 ut
286 969 376 1022 lei
403 981 627 1023 natula
656 965 795 1038 tert,
839 985 981 1023 cum
1010 984 1230 1022 manus
1273 961 1468 1021 tenel-

187 1048 285 1110 lae
305 1054 559 1129 primis
541 1053 758 1108 aetatis
793 1054 976 1110 annis
995 1054 1098 1107 vix
1129 1047 1321 1109 ullam
1342 1052 1466 1109 vim

189 1154 478 1192 exserere
506 1153 760 1190 necesse
785 1133 1078 1204 habeant,
1125 1132 1316 1212 pedes
1359 1153 1467 1189 au-

190 1232 318 1276 tem
351 1217 471 1291 jam
516 1220 719 1293 primo
765 1237 929 1273 anno
982 1216 1062 1277 ad
1106 1215 1296 1274 finem
1331 1237 1466 1274 ver-

188 1314 374 1383 gente
418 1297 497 1354 ad
538 1318 770 1379 corpus
796 1299 1227 1358 sustinendum
1277 1316 1338 1357 et
1385 1297 1467 1360 ad

185 1403 463 1467 gressum
504 1398 785 1440 erectum
821 1387 951 1463 apti
987 1403 1118 1443 esse
1166 1381 1462 1445 debeant

185 1484 256 1525 ut
282 1487 461 1529 surae
491 1465 728 1525 validos
754 1466 1022 1528 lacertos
1063 1485 1305 1528 taceam
1335 1490 1463 1527 ma-

185 1557 353 1611 xime
382 1551 539 1614 solei
563 1551 829 1611 musculi
857 1574 994 1612 oum
1027 1552 1296 1635 gemello
1325 1573 1462 1626 suo,

168 1641 419 1719 ‘quippe
441 1640 547 1718 qui
576 1635 655 1693 ad
684 1655 963 1696 erectum
988 1639 1310 1699 hominem
1336 1659 1463 1696 sus-

185 1722 516 1779 tinendum
557 1737 685 1778 tam
736 1722 978 1780 robusti
1021 1740 1084 1781 et
1121 1728 1389 1803 insignes
1424 1743 1462 1780 a

185 1822 411 1869 natura
435 1809 635 1885 parati
660 1821 804 1863 sunt
839 1822 909 1862 ut
941 1807 1166 1864 exinde
1201 1806 1320 1864 soli
1349 1807 1461 1864 ho-

184 1895 338 1954 mini
360 1912 532 1953 veras
560 1910 728 1952 suras
763 1889 1123 1949 tribuendas
1153 1911 1285 1949 esse
1317 1911 1460 1949 cen-

184 1981 421 2038 suerint
482 1996 626 2037 cum
679 1975 1016 2036 Aristotele
1069 1991 1310 2040 veteres
1354 1997 1459 2035 ari-

184 2058 564 2143 thropologi.

306 2231 504 2289 Porro
534 2233 819 2289 universa
862 2229 1152 2290 chor-*acm
1197 2252 1447 2313 compa-

179 2336 292 2395 ges
332 2314 521 2375 docet
555 2315 876 2374 hominem
915 2315 1269 2376 nullatenus
1307 2338 1456 2398 qua—

183 2398 538 2480 drupedum
565 2420 741 2464 more
777 2398 1020 2480 ingredi
1051 2421 1253 2483 posse.
1343 2401 1455 2460 His

184 2488 350 2550 enim
375 2491 427 2547 si
453 2484 821 2576 longipedes
848 2502 993 2553 sunt
1031 2487 1257 2549 thorax
1304 2506 1453 2544 con-

1310 2572 1448 2652 tigit
