<?xml version="1.0" encoding="UTF-8"?>
<!DOCTYPE html PUBLIC "-//W3C//DTD XHTML 1.0 Transitional//EN"
    "http://www.w3.org/TR/xhtml1/DTD/xhtml1-transitional.dtd">
<html xmlns="http://www.w3.org/1999/xhtml" xml:lang="en" lang="en">
 <head>
  <title>
</title>
<meta http-equiv="Content-Type" content="text/html;charset=utf-8" />
  <meta name='ocr-system' content='tesseract 3.04.00' />
  <meta name='ocr-capabilities' content='ocr_page ocr_carea ocr_par ocr_line ocrx_word'/>
</head>
<body>
  <div class='ocr_page' id='page_1' title='image "./degenerishumaniv00blum_0325.png"; bbox 0 0 1721 3041; ppageno 0'>
   <div class='ocr_carea' id='block_1_1' title="bbox 368 300 1432 382">
    <p class='ocr_par' dir='ltr' id='par_1_1' title="bbox 368 300 1432 382">
     <span class='ocr_line' id='line_1_1' title="bbox 368 300 1432 382; baseline 0.004 -26"><span class='ocrx_word' id='word_1_1' title='bbox 368 317 874 357; x_wconf 79' lang='lat' dir='ltr'><strong>DEGENERATIONE</strong></span> <span class='ocrx_word' id='word_1_2' title='bbox 908 318 971 355; x_wconf 75' lang='lat' dir='ltr'>IN</span> <span class='ocrx_word' id='word_1_3' title='bbox 1000 317 1217 357; x_wconf 81' lang='lat' dir='ltr'><strong>SPECIE.</strong></span> <span class='ocrx_word' id='word_1_4' title='bbox 1310 300 1432 382; x_wconf 82' lang='lat'>275</span> 
     </span>
    </p>
   </div>
   <div class='ocr_carea' id='block_1_2' title="bbox 147 465 1439 1056">
    <p class='ocr_par' dir='ltr' id='par_1_2' title="bbox 147 465 1439 1056">
     <span class='ocr_line' id='line_1_2' title="bbox 147 465 1432 541; baseline 0.001 -13"><span class='ocrx_word' id='word_1_5' title='bbox 147 465 315 528; x_wconf 85' lang='lat' dir='ltr'>mala</span> <span class='ocrx_word' id='word_1_6' title='bbox 341 483 603 541; x_wconf 86' lang='lat' dir='ltr'>constat,</span> <span class='ocrx_word' id='word_1_7' title='bbox 649 488 781 527; x_wconf 90' lang='lat' dir='ltr'>non</span> <span class='ocrx_word' id='word_1_8' title='bbox 802 470 981 526; x_wconf 88' lang='lat' dir='ltr'>nivea</span> <span class='ocrx_word' id='word_1_9' title='bbox 1014 466 1133 527; x_wconf 88' lang='lat' dir='ltr'>hac</span> <span class='ocrx_word' id='word_1_10' title='bbox 1160 484 1231 526; x_wconf 91' lang='lat' dir='ltr'>ut</span> <span class='ocrx_word' id='word_1_11' title='bbox 1253 471 1320 527; x_wconf 85' lang='lat' dir='ltr'>in</span> <span class='ocrx_word' id='word_1_12' title='bbox 1338 491 1432 529; x_wconf 85' lang='lat' dir='ltr'>se-</span> 
     </span>
     <span class='ocr_line' id='line_1_3' title="bbox 150 551 1435 633; baseline 0.001 -20"><span class='ocrx_word' id='word_1_13' title='bbox 150 553 352 626; x_wconf 86' lang='lat' dir='ltr'><strong>nibus,</strong></span> <span class='ocrx_word' id='word_1_14' title='bbox 397 572 605 633; x_wconf 87' lang='lat' dir='ltr'>neque</span> <span class='ocrx_word' id='word_1_15' title='bbox 644 551 907 633; x_wconf 78' lang='lat' dir='ltr'><strong>pulchre</strong></span> <span class='ocrx_word' id='word_1_16' title='bbox 949 551 1223 613; x_wconf 85' lang='lat' dir='ltr'>subflava</span> <span class='ocrx_word' id='word_1_17' title='bbox 1265 569 1329 613; x_wconf 90' lang='lat' dir='ltr'>et</span> <span class='ocrx_word' id='word_1_18' title='bbox 1367 559 1435 615; x_wconf 88' lang='lat' dir='ltr'>in</span> 
     </span>
     <span class='ocr_line' id='line_1_4' title="bbox 153 637 1435 719; baseline -0.002 -18"><span class='ocrx_word' id='word_1_19' title='bbox 153 641 518 701; x_wconf 85' lang='lat' dir='ltr'>cinericium</span> <span class='ocrx_word' id='word_1_20' title='bbox 539 637 731 719; x_wconf 86' lang='lat' dir='ltr'>paulo</span> <span class='ocrx_word' id='word_1_21' title='bbox 769 653 1069 719; x_wconf 78' lang='lat' dir='ltr'>vergente</span> <span class='ocrx_word' id='word_1_22' title='bbox 1116 654 1187 700; x_wconf 89' lang='lat' dir='ltr'>ut</span> <span class='ocrx_word' id='word_1_23' title='bbox 1230 643 1296 698; x_wconf 91' lang='lat' dir='ltr'>in</span> <span class='ocrx_word' id='word_1_24' title='bbox 1337 655 1435 699; x_wconf 90' lang='lat' dir='ltr'>tot</span> 
     </span>
     <span class='ocr_line' id='line_1_5' title="bbox 151 721 1430 805; baseline 0 -21"><span class='ocrx_word' id='word_1_25' title='bbox 151 721 531 784; x_wconf 83' lang='lat' dir='ltr'>nostratibus</span> <span class='ocrx_word' id='word_1_26' title='bbox 581 743 740 804; x_wconf 88' lang='lat' dir='ltr'>quos</span> <span class='ocrx_word' id='word_1_27' title='bbox 792 721 939 782; x_wconf 89' lang='lat' dir='ltr'>ideo</span> <span class='ocrx_word' id='word_1_28' title='bbox 1000 723 1192 782; x_wconf 84' lang='lat' dir='ltr'>flavos</span> <span class='ocrx_word' id='word_1_29' title='bbox 1245 724 1430 805; x_wconf 83' lang='lat' dir='ltr'>(gall.</span> 
     </span>
     <span class='ocr_line' id='line_1_6' title="bbox 150 806 1433 888; baseline -0.001 -18"><span class='ocrx_word' id='word_1_30' title='bbox 150 809 503 883; x_wconf 66' lang='lat' dir='ltr'>Blendins)</span> <span class='ocrx_word' id='word_1_31' title='bbox 537 822 798 880; x_wconf 89' lang='lat' dir='ltr'>vocant,</span> <span class='ocrx_word' id='word_1_32' title='bbox 844 807 957 866; x_wconf 89' lang='lat' dir='ltr'>sed</span> <span class='ocrx_word' id='word_1_33' title='bbox 1009 806 1169 888; x_wconf 83' lang='lat' dir='ltr'>gilva</span> <span class='ocrx_word' id='word_1_34' title='bbox 1203 814 1433 888; x_wconf 80' lang='lat' dir='ltr'>potiUS,</span> 
     </span>
     <span class='ocr_line' id='line_1_7' title="bbox 151 889 1439 972; baseline -0.002 -19"><span class='ocrx_word' id='word_1_35' title='bbox 151 891 355 953; x_wconf 84' lang='lat' dir='ltr'>colori</span> <span class='ocrx_word' id='word_1_36' title='bbox 387 890 884 951; x_wconf 81' lang='lat' dir='ltr'>cremorislactis</span> <span class='ocrx_word' id='word_1_37' title='bbox 940 889 1139 972; x_wconf 79' lang='lat' dir='ltr'>(angl.</span> <span class='ocrx_word' id='word_1_38' title='bbox 1194 915 1439 951; x_wconf 76' lang='lat' dir='ltr'>cream-</span> 
     </span>
     <span class='ocr_line' id='line_1_8' title="bbox 153 973 1433 1056; baseline 0.002 -20"><span class='ocrx_word' id='word_1_39' title='bbox 153 977 423 1049; x_wconf 78' lang='lat' dir='ltr'>colour)</span> <span class='ocrx_word' id='word_1_40' title='bbox 466 973 942 1055; x_wconf 86' lang='lat' dir='ltr'>quodammodo</span> <span class='ocrx_word' id='word_1_41' title='bbox 991 977 1433 1056; x_wconf 87' lang='lat' dir='ltr'>comparanda.</span> 
     </span>
    </p>
   </div>
   <div class='ocr_carea' id='block_1_3' title="bbox 137 1142 1518 2049">
    <p class='ocr_par' dir='ltr' id='par_1_3' title="bbox 137 1142 1518 2049">
     <span class='ocr_line' id='line_1_9' title="bbox 277 1142 1437 1228; baseline 0.005 -27"><span class='ocrx_word' id='word_1_42' title='bbox 277 1142 563 1202; x_wconf 88' lang='lat' dir='ltr'>Alterum</span> <span class='ocrx_word' id='word_1_43' title='bbox 615 1147 774 1202; x_wconf 83' lang='lat' dir='ltr'>visus</span> <span class='ocrx_word' id='word_1_44' title='bbox 845 1164 1081 1225; x_wconf 79' lang='lat' dir='ltr'>organa</span> <span class='ocrx_word' id='word_1_45' title='bbox 1147 1164 1437 1228; x_wconf 84' lang='lat' dir='ltr'>occupat,</span> 
     </span>
     <span class='ocr_line' id='line_1_10' title="bbox 153 1224 1438 1313; baseline 0.002 -25"><span class='ocrx_word' id='word_1_46' title='bbox 153 1248 358 1310; x_wconf 88' lang='lat' dir='ltr'>eaque</span> <span class='ocrx_word' id='word_1_47' title='bbox 404 1232 729 1308; x_wconf 81' lang='lat' dir='ltr'>pigmento</span> <span class='ocrx_word' id='word_1_48' title='bbox 773 1224 950 1287; x_wconf 84' lang='lat' dir='ltr'>fusco</span> <span class='ocrx_word' id='word_1_49' title='bbox 998 1229 1212 1304; x_wconf 85' lang='lat' dir='ltr'>orbat,</span> <span class='ocrx_word' id='word_1_50' title='bbox 1262 1233 1438 1313; x_wconf 87' lang='lat' dir='ltr'>quod</span> 
     </span>
     <span class='ocr_line' id='line_1_11' title="bbox 137 1311 1438 1395; baseline 0.001 -21"><span class='ocrx_word' id='word_1_51' title='bbox 137 1317 286 1374; x_wconf 81' lang='lat' dir='ltr'>-sani</span> <span class='ocrx_word' id='word_1_52' title='bbox 323 1311 493 1370; x_wconf 88' lang='lat' dir='ltr'>oculi</span> <span class='ocrx_word' id='word_1_53' title='bbox 535 1311 928 1372; x_wconf 79' lang='lat' dir='ltr'><strong>membranas</strong></span> <span class='ocrx_word' id='word_1_54' title='bbox 971 1313 1214 1395; x_wconf 82' lang='lat' dir='ltr'>aliquot</span> <span class='ocrx_word' id='word_1_55' title='bbox 1246 1320 1438 1376; x_wconf 88' lang='lat' dir='ltr'>inter-</span> 
     </span>
     <span class='ocr_line' id='line_1_12' title="bbox 151 1395 1439 1470; baseline 0.004 -14"><span class='ocrx_word' id='word_1_56' title='bbox 151 1419 264 1457; x_wconf 84' lang='lat' dir='ltr'>nas</span> <span class='ocrx_word' id='word_1_57' title='bbox 309 1395 597 1470; x_wconf 84' lang='lat' dir='ltr'>obducit,</span> <span class='ocrx_word' id='word_1_58' title='bbox 671 1413 734 1456; x_wconf 88' lang='lat' dir='ltr'>et</span> <span class='ocrx_word' id='word_1_59' title='bbox 778 1397 1169 1458; x_wconf 86' lang='lat' dir='ltr'>absorbtioni</span> <span class='ocrx_word' id='word_1_60' title='bbox 1208 1405 1439 1461; x_wconf 78' lang='lat' dir='ltr'>nimiae</span> 
     </span>
     <span class='ocr_line' id='line_1_13' title="bbox 151 1480 1518 1566; baseline 0.004 -25"><span class='ocrx_word' id='word_1_61' title='bbox 151 1482 308 1542; x_wconf 73' lang='lat' dir='ltr'>lucis</span> <span class='ocrx_word' id='word_1_62' title='bbox 343 1480 720 1540; x_wconf 87' lang='lat' dir='ltr'>destinatum</span> <span class='ocrx_word' id='word_1_63' title='bbox 744 1527 759 1555; x_wconf 86' lang='lat'>,</span> <span class='ocrx_word' id='word_1_64' title='bbox 806 1481 887 1538; x_wconf 84' lang='lat' dir='ltr'>acl</span> <span class='ocrx_word' id='word_1_65' title='bbox 925 1500 1097 1542; x_wconf 84' lang='lat' dir='ltr'>reete</span> <span class='ocrx_word' id='word_1_66' title='bbox 1142 1484 1437 1566; x_wconf 77' lang='lat' dir='ltr'>beneque</span> <span class='ocrx_word' id='word_1_67' title='bbox 1515 1558 1518 1560; x_wconf 30' lang='grc'>,</span> 
     </span>
     <span class='ocr_line' id='line_1_14' title="bbox 152 1564 1439 1632; baseline 0.003 -5"><span class='ocrx_word' id='word_1_68' title='bbox 152 1564 494 1627; x_wconf 86' lang='lat' dir='ltr'>videndum</span> <span class='ocrx_word' id='word_1_69' title='bbox 519 1570 745 1632; x_wconf 88' lang='lat' dir='ltr'>summi</span> <span class='ocrx_word' id='word_1_70' title='bbox 768 1572 1075 1626; x_wconf 83' lang='lat' dir='ltr'>momenti</span> <span class='ocrx_word' id='word_1_71' title='bbox 1112 1569 1222 1629; x_wconf 87' lang='lat' dir='ltr'>est.</span> <span class='ocrx_word' id='word_1_72' title='bbox 1270 1572 1439 1631; x_wconf 83' lang='lat' dir='ltr'>Hinc</span> 
     </span>
     <span class='ocr_line' id='line_1_15' title="bbox 152 1647 1437 1733; baseline 0.002 -22"><span class='ocrx_word' id='word_1_73' title='bbox 152 1656 256 1711; x_wconf 80' lang='lat' dir='ltr'>iris</span> <span class='ocrx_word' id='word_1_74' title='bbox 300 1649 470 1710; x_wconf 87' lang='lat' dir='ltr'>oculi</span> <span class='ocrx_word' id='word_1_75' title='bbox 510 1649 1022 1730; x_wconf 86' lang='lat' dir='ltr'>leucaethiopum</span> <span class='ocrx_word' id='word_1_76' title='bbox 1058 1647 1292 1733; x_wconf 84' lang='lat' dir='ltr'>pallide</span> <span class='ocrx_word' id='word_1_77' title='bbox 1336 1678 1437 1714; x_wconf 90' lang='lat' dir='ltr'>ro-</span> 
     </span>
     <span class='ocr_line' id='line_1_16' title="bbox 151 1733 1438 1817; baseline 0.002 -21"><span class='ocrx_word' id='word_1_78' title='bbox 151 1757 278 1810; x_wconf 85' lang='lat' dir='ltr'>sea,</span> <span class='ocrx_word' id='word_1_79' title='bbox 327 1752 390 1795; x_wconf 90' lang='lat' dir='ltr'>et</span> <span class='ocrx_word' id='word_1_80' title='bbox 421 1733 906 1815; x_wconf 84' lang='lat' dir='ltr'>semipellucida‚</span> <span class='ocrx_word' id='word_1_81' title='bbox 950 1737 1189 1817; x_wconf 83' lang='lat' dir='ltr'>pupula</span> <span class='ocrx_word' id='word_1_82' title='bbox 1223 1754 1438 1800; x_wconf 83' lang='lat' dir='ltr'>autem</span> 
     </span>
     <span class='ocr_line' id='line_1_17' title="bbox 153 1819 1438 1901; baseline 0.002 -21"><span class='ocrx_word' id='word_1_83' title='bbox 153 1825 497 1880; x_wconf 84' lang='lat' dir='ltr'>intensiore</span> <span class='ocrx_word' id='word_1_84' title='bbox 545 1819 855 1878; x_wconf 82' lang='lat' dir='ltr'>rubedine</span> <span class='ocrx_word' id='word_1_85' title='bbox 901 1821 1266 1901; x_wconf 84' lang='lat' dir='ltr'>splendens,</span> <span class='ocrx_word' id='word_1_86' title='bbox 1313 1846 1438 1883; x_wconf 86' lang='lat' dir='ltr'>sar-</span> 
     </span>
     <span class='ocr_line' id='line_1_18' title="bbox 158 1903 1434 1986; baseline 0.003 -21"><span class='ocrx_word' id='word_1_87' title='bbox 158 1906 278 1964; x_wconf 86' lang='lat' dir='ltr'>dae</span> <span class='ocrx_word' id='word_1_88' title='bbox 302 1928 348 1965; x_wconf 90' lang='lat' dir='ltr'>s.</span> <span class='ocrx_word' id='word_1_89' title='bbox 383 1903 717 1965; x_wconf 85' lang='lat' dir='ltr'>carneolae</span> <span class='ocrx_word' id='word_1_90' title='bbox 742 1904 1082 1986; x_wconf 83' lang='lat' dir='ltr'>pallidioris</span> <span class='ocrx_word' id='word_1_91' title='bbox 1121 1905 1321 1968; x_wconf 84' lang='lat' dir='ltr'>colori</span> <span class='ocrx_word' id='word_1_92' title='bbox 1360 1912 1434 1969; x_wconf 86' lang='lat' dir='ltr'>si-</span> 
     </span>
     <span class='ocr_line' id='line_1_19' title="bbox 154 1989 334 2049; baseline 0.006 -1"><span class='ocrx_word' id='word_1_93' title='bbox 154 1989 334 2049; x_wconf 77' lang='lat' dir='ltr'>milis·</span> 
     </span>
    </p>
   </div>
   <div class='ocr_carea' id='block_1_4' title="bbox 158 2156 1490 2500">
    <p class='ocr_par' dir='ltr' id='par_1_4' title="bbox 158 2156 1490 2500">
     <span class='ocr_line' id='line_1_20' title="bbox 284 2156 1441 2240; baseline 0.004 -21"><span class='ocrx_word' id='word_1_94' title='bbox 284 2156 596 2240; x_wconf 81' lang='lat' dir='ltr'>Singulari</span> <span class='ocrx_word' id='word_1_95' title='bbox 653 2178 803 2218; x_wconf 86' lang='lat' dir='ltr'>vero</span> <span class='ocrx_word' id='word_1_96' title='bbox 869 2166 1251 2240; x_wconf 86' lang='lat' dir='ltr'>constantia·</span> <span class='ocrx_word' id='word_1_97' title='bbox 1294 2163 1441 2225; x_wconf 89' lang='lat' dir='ltr'>bina</span> 
     </span>
     <span class='ocr_line' id='line_1_21' title="bbox 158 2244 1438 2325; baseline 0.003 -21"><span class='ocrx_word' id='word_1_98' title='bbox 158 2244 318 2305; x_wconf 88' lang='lat' dir='ltr'>haec</span> <span class='ocrx_word' id='word_1_99' title='bbox 353 2260 768 2325; x_wconf 81' lang='lat' dir='ltr'>symptomata</span> <span class='ocrx_word' id='word_1_100' title='bbox 807 2248 1092 2306; x_wconf 88' lang='lat' dir='ltr'>invicem·</span> <span class='ocrx_word' id='word_1_101' title='bbox 1127 2255 1438 2309; x_wconf 83' lang='lat' dir='ltr'>consenti-</span> 
     </span>
     <span class='ocr_line' id='line_1_22' title="bbox 159 2332 1490 2416; baseline 0.005 -28"><span class='ocrx_word' id='word_1_102' title='bbox 159 2346 304 2404; x_wconf 89' lang='lat' dir='ltr'>unt,</span> <span class='ocrx_word' id='word_1_103' title='bbox 371 2332 458 2387; x_wconf 85' lang='lat' dir='ltr'>ita</span> <span class='ocrx_word' id='word_1_104' title='bbox 495 2345 594 2405; x_wconf 91' lang='lat' dir='ltr'>ut,</span> <span class='ocrx_word' id='word_1_105' title='bbox 654 2347 958 2413; x_wconf 84' lang='lat' dir='ltr'>quantum</span> <span class='ocrx_word' id='word_1_106' title='bbox 995 2332 1146 2391; x_wconf 88' lang='lat' dir='ltr'>mihi</span> <span class='ocrx_word' id='word_1_107' title='bbox 1182 2335 1439 2416; x_wconf 81' lang='lat' dir='ltr'>quidem</span> <span class='ocrx_word' id='word_1_108' title='bbox 1477 2349 1490 2355; x_wconf 85' lang='grc'><em>“</em></span> 
     </span>
     <span class='ocr_line' id='line_1_23' title="bbox 159 2415 1438 2500; baseline 0.003 -26"><span class='ocrx_word' id='word_1_109' title='bbox 159 2418 454 2488; x_wconf 83' lang='lat' dir='ltr'>innotuit,</span> <span class='ocrx_word' id='word_1_110' title='bbox 484 2436 808 2498; x_wconf 87' lang='lat' dir='ltr'>nunquam</span> <span class='ocrx_word' id='word_1_111' title='bbox 837 2415 1167 2477; x_wconf 84' lang='lat' dir='ltr'>oculorum</span> <span class='ocrx_word' id='word_1_112' title='bbox 1193 2424 1307 2478; x_wconf 88' lang='lat' dir='ltr'>iste</span> <span class='ocrx_word' id='word_1_113' title='bbox 1329 2441 1438 2500; x_wconf 85' lang='lat' dir='ltr'>pe·</span> 
     </span>
    </p>
   </div>
   <div class='ocr_carea' id='block_1_5' title="bbox 91 2498 1438 2650">
    <p class='ocr_par' dir='ltr' id='par_1_5' title="bbox 91 2498 1438 2650">
     <span class='ocr_line' id='line_1_24' title="bbox 91 2498 1438 2650; baseline 0.002 -91"><span class='ocrx_word' id='word_1_114' title='bbox 91 2567 97 2572; x_wconf 60' lang='lat'><strong><em>„</em></strong></span> <span class='ocrx_word' id='word_1_115' title='bbox 165 2498 407 2561; x_wconf 85' lang='lat' dir='ltr'>culiaris</span> <span class='ocrx_word' id='word_1_116' title='bbox 437 2499 634 2565; x_wconf 82' lang='lat' dir='ltr'>rubor</span> <span class='ocrx_word' id='word_1_117' title='bbox 657 2500 826 2650; x_wconf 63' lang='lat' dir='ltr'>solgs</span> <span class='ocrx_word' id='word_1_118' title='bbox 852 2519 916 2564; x_wconf 87' lang='lat' dir='ltr'>et</span> <span class='ocrx_word' id='word_1_119' title='bbox 954 2503 1191 2585; x_wconf 84' lang='lat' dir='ltr'>absque</span> <span class='ocrx_word' id='word_1_120' title='bbox 1217 2508 1438 2647; x_wconf 59' lang='lat' dir='ltr'>vitiofia</span> 
     </span>
     <span class='ocr_line' id='line_1_25' title="bbox 845 2611 1436 2650; baseline -0.005 0"><span class='ocrx_word' id='word_1_121' title='bbox 845 2612 881 2650; x_wconf 81' lang='lat'><strong>2</strong></span> <span class='ocrx_word' id='word_1_122' title='bbox 1330 2613 1351 2648; x_wconf 84' lang='lat'>1</span> <span class='ocrx_word' id='word_1_123' title='bbox 1401 2611 1436 2647; x_wconf 83' lang='lat' dir='ltr'>a</span> 
     </span>
    </p>
   </div>
  </div>
 </body>
</html>
