1721 3041
279 248 699 289 DEGENERANDI
742 247 802 284 IN
847 246 1199 294 UNIVERSUM·
1256 249 1370 310 107

117 402 448 471 mantium‚
508 418 731 456 canum
768 418 938 469 v.1c.,
997 394 1210 456 felium
1251 413 1370 456 eto.

118 504 281 564 quae
309 482 504 541 cauda
526 498 632 539 aut
664 481 948 541 auriculis
992 486 1232 541 muticis
1269 504 1376 539 na-

114 583 179 625 ta
231 588 428 639 esse,
465 583 797 648 postquam
850 566 1206 646 palentibus
1269 586 1380 624 eo-

117 673 257 709 rum
311 650 568 709 eaedem
629 668 832 731 paltes
880 666 1201 708 tiuncatae
1243 647 1377 707 fue-

49 768 54 773 ·
114 752 272 808 rant,
318 733 532 794 idonei
559 752 742 794 testes
773 750 1010 793 extant:
1056 738 1379 813 itempue-

35 879 37 881 ,
112 841 328 877 rorum
375 824 480 901 qui
522 824 683 878 inter
732 835 944 900 gentes
991 821 1379 876 circumcisas

115 908 337 983 passim
385 920 606 962 natura
659 926 769 962 sua
819 904 1075 984 apellae
1122 922 1381 960 nascun-

114 1003 217 1045 tur
250 994 354 1054 ch:
401 1004 507 1046 aut
536 992 894 1047 cicatricum
921 986 1277 1068 parentibus
1303 1003 1382 1043 ex

117 1070 385 1128 vulnere
417 1088 722 1143 ortarum,
770 1094 1033 1150 qualum
1071 1087 1248 1128 notas
1291 1073 1383 1127 in·-

118 1151 386 1211 fantibus
413 1169 630 1232 postea
671 1169 965 1211 connatas
1003 1152 1187 1211 fuisse
1235 1173 1383 1212 con-

120 1252 257 1295 stat.
348 1235 516 1311 Quid
543 1236 715 1314 quod
749 1252 811 1293 et
836 1228 1197 1293 Buffonius
1198 1257 1276 1293 ex
1308 1241 1385 1294 si·-

118 1319 249 1378 mili
291 1317 467 1376 fonte
519 1317 861 1397 peculiaies
919 1317 1222 1399 quosdam
1258 1324 1386 1376 ani-

118 1402 373 1461 malium
394 1401 844 1460 nonnullorum
863 1401 1249 1461 characteres
1280 1403 1385 1461 de-

118 1487 372 1559 rivabat,
414 1503 483 1544 ut
518 1485 707 1546 callos
742 1491 806 1545 in
841 1502 1100 1567 pectore
1151 1502 1213 1545 et
1249 1507 1383 1546 cru-

120 1572 288 1631 ribus
328 1570 735 1644 camelorum‚
793 1588 900 1628 aut
940 1569 1214 1629 frontem
1271 1593 1384 1630 nu-

124 1655 268 1714 dam
290 1653 706 1722 furfuraceam
731 1658 899 1714 corvi
928 1654 1231 1735 frugilegi.

249 1826 375 1900 Qui
420 1822 597 1882 *haec
670 1820 998 1880 admittere
1077 1840 1385 1895 recusant,

124 1909 363 1968 hancce
386 1905 658 1965 Buffonii
683 1910 1044 1987 opinionem
1090 1923 1388 1989 tanquam

123 1995 434 2077 principii,
482 2013 671 2073 quam
713 2006 974 2063 vocant,
1018 1995 1390 2071 petitionem

122 2099 255 2136 non
286 2081 496 2155 inepte
529 2075 835 2153 rejicient3
899 2073 1138 2156 reliqua
1178 2091 1388 2135 autem

125 2181 287 2242 quae
329 2158 589 2218 diximus
630 2157 915 2240 exempla
965 2164 1132 2218 casui
1183 2164 1388 2241 potius

124 2245 382 2307 fortuito
423 2242 753 2303 tribuenda
782 2243 1143 2303 censebunt.

1223 2332 1282 2389 N
1286 2351 1387 2389 eu·

192 2450 252 2503 u)
291 2444 345 2495 cl.
375 2448 520 2507 Voigt
546 2445 783 2512 Magazin
831 2449 898 2496 T.
919 2450 999 2496 VI.
1038 2450 1082 2497 P.
1111 2451 1146 2497 Ι.
1176 2464 1281 2514 pag.
1305 2461 1387 2503 22.

261 2532 330 2584 sq.
362 2530 408 2566 et
439 2518 486 2567 P.
516 2519 596 2567 lv.
627 2531 734 2581 pag.
762 2529 827 2580 40
849 2532 916 2584 sq,
