1721 3041
384 279 506 351 194
551 268 902 329 SEenoslll.
932 288 1012 325 DE
1051 287 1296 327 GENEms
1331 291 1487 329 HUM.

364 440 708 500 insularum
769 441 1080 497 societatis
1137 442 1203 495 in
1263 459 1503 497 oceano
1552 461 1658 499 au·-

360 525 532 586 strali
561 522 800 583 incolas
835 529 911 590 cr)
944 538 1061 582 eto.
1110 539 1530 582 neonatorum
1547 547 1657 582 na-

361 633 500 670 sum
530 608 738 669 studio
770 624 832 666 et
859 611 918 666 vi
937 605 1105 665 illata
1122 607 1386 688 deprimi
1415 607 1477 667 et
1505 631 1656 691 qua-

359 701 411 756 si
437 694 638 775 subigi
676 708 1070 773 avtoptarum
1096 691 1219 751 fide
1268 692 1656 774 dignissimo-

360 803 502 838 rum
536 779 861 845 uberrimis
913 780 1276 836 testimoniis
1325 795 1500 836 extra
1546 778 1658 836 du-

360 865 733 924 bitationem
790 866 1063 940 positum
1101 879 1230 933 est3
1281 866 1520 921 etiamsi
1567 867 1659 922 ni-

359 954 484 1009 mia
524 952 645 1005 sint
686 964 848 1024 quae
888 947 1113 1022 passim
1167 943 1248 1001 de
1286 943 1494 1005 fractis
1545 968 1657 1006 seu

365 1034 682 1111 disjnnctis
711 1029 832 1087 hac
868 1032 1112 1087 ratione
1153 1031 1296 1109 ipsis
1335 1033 1468 1090 nasi
1510 1035 1656 1092 ossi-

359 1113 491 1179 bus'
510 1113 928 1198 perhibentur
951 1120 1052 1194 y).

484 1288 724 1349 Verum
753 1282 1099 1345 istiusmodi
1124 1282 1397 1343 violenta
1438 1300 1501 1344 et
1545 1285 1653 1346 diu

364 1377 729 1435 continuata
760 1375 891 1429 nasi
929 1368 1131 1428 mollis
1180 1375 1652 1450 compressione

359 1463 575 1540 augeri
618 1473 862 1514 tanturn
907 1472 969 1513 et
1005 1457 1167 1512 tueri
1200 1459 1468 1512 nativam
1518 1458 1652 1532 ejus

365 1541 950 1623 configurationem,
981 1541 1344 1617 neutiquam
1365 1559 1513 1596 vero
1528 1544 1652 1619 pri-

361 1633 547 1687 mitus
586 1625 861 1697 formari,
909 1627 1008 1680 vix
1047 1626 1294 1680 monitu
1336 1643 1491 1704 opus
1537 1640 1650 1699 est,

359 1734 507 1772 cum
532 1714 657 1789 jam
679 1714 743 1767 in
772 1707 1043 1767 foetibus
1068 1706 1359 1766 abortivis
1406 1707 1647 1789 gentili-

355 1802 508 1856 tiam
538 1795 764 1855 faoiem
797 1797 1051 1875 agnosci
1082 1812 1266 1873 posse
1295 1793 1482 1875 vulgo
1531 1815 1645 1853 no-

356 1900 493 1941 tum
533 1899 628 1942 sit.
1314 1909 1316 1911 ’

480 2055 778 2130 Denique
815 2041 1026 2107 antem
1070 2046 1371 2126 gentilitia
1410 2052 1525 2106 ista
1557 2045 1644 2106 fa-

355 2139 477 2196 cies
500 2141 567 2194 in
599 2134 780 2215 prole
808 2153 886 2191 ex
909 2130 1236 2191 connubiis
1259 2131 1639 2191 diversarum
1713 2166 1720 2171 ·

1448 2237 1635 2298 gene-

415 2373 474 2434 x)
512 2368 568 2418 cl.
603 2374 643 2430 J.
674 2374 729 2418 R.
770 2371 992 2428 Forster‚
1031 2367 1383 2437 Bemerkungen
1422 2369 1521 2433 auf
1538 2372 1635 2429 ‘sei-

484 2457 568 2488 ner
596 2440 735 2488 Reise
761 2457 841 2488 um
874 2438 949 2487 ozie
985 2438 1114 2486 Welt
1147 2455 1248 2503 pag.
1289 2448 1400 2499 482.
1429 2441 1546 2498 516.

410 2510 474 2578 y)
511 2507 572 2556 cf·
604 2525 648 2554 v.
678 2524 714 2557 c.
763 2505 932 2563 Kome,
991 2506 1349 2574 Beschreibung‘
1383 2506 1462 2555 oles
1510 2505 1631 2556 Vor-

474 2576 706 2646 gebiirges
732 2575 817 2626 der
844 2580 992 2644 guten
1030 2575 1297 2644 Hoffnung,
1334 2591 1442 2643 pag.
1470 2576 1589 2639 567.
