1721 3041
244 328 368 411 276
414 327 634 388 SEc’no
659 324 762 383 ΙΙΙ.
793 347 873 383 DE
899 343 1147 384 GENERIS
1179 329 1332 386 ΗϋΜ.

248 499 355 559 illa
380 495 671 557 albedine
702 516 923 557 comae
945 512 1009 555 et
1034 494 1422 577 reliquorum
1441 501 1531 578 pi-

249 585 460 643 lorum
481 584 640 643 visus
669 578 763 640 sit.
853 581 1110 663 Saepius
1145 600 1293 639 vero
1334 581 1536 663 pupil-

249 669 456 727 larum
515 667 815 725 ruborem
877 665 953 725 ab
1033 665 1536 726 observatoribus

253 773 386 813 non
420 751 919 812 animadversum
948 771 1080 811 esse
1114 773 1247 810 non
1288 755 1536 826 mirum,

255 857 400 898 cum
421 836 662 919 reliqua
689 857 852 917 quae
879 835 1141 894 diximus
1162 849 1541 916 symptoma-

253 940 319 982 ta
350 920 541 1002 magis
567 926 634 977 in
669 919 887 977 oculos
916 937 1138 975 eorum
1164 921 1539 994 inciderent,

253 1003 723 1083 leucaethiopes
752 1021 902 1061 vero
947 999 1104 1059 lucis
1142 1004 1344 1061 minus
1384 1008 1542 1084 pati-

259 1108 436 1151 entes
497 1086 828 1169 palpebras
880 1085 1256 1168 plerumque
1327 1091 1542 1148 conni-

253 1192 469 1237 ventes
518 1170 813 1232 habeant.

384 1301 647 1383 Semper
718 1315 1043 1361 cormacus
1100 1297 1357 1360 morbus
1428 1317 1541 1374 est,

256 1409 614 1470 nunquam,
663 1385 838 1468 quod
879 1389 1059 1462 novi,
1103 1403 1247 1468 post
1289 1401 1541 1468 partum

263 1476 619 1556 acquisitUS.

382 1600 645 1678 Semper
671 1596 1059 1655 insanabilis
1069 1619 1095 1668 ;
1142 1599 1376 1676 quippe
1394 1614 1544 1655 ocu-

258 1686 331 1745 lis
361 1702 643 1764 unquam
684 1685 1076 1762 pigmentum
1113 1678 1356 1739 fuscum
1399 1696 1545 1761 post

261 1785 513 1852 partum
571 1767 828 1826 demum
881 1766 1219 1825 subnatum
1275 1785 1408 1825 esse
1462 1784 1546 1825 ne

259 1860 517 1916 unicum
545 1850 803 1935 quidem
831 1850 1192 1933 exemplum
1226 1866 1415 1909 extat.

389 1982 539 2043 Non
594 2002 736 2040 raro
807 1980 1246 2047 hereditarias
1310 1981 1545 2051 existit3

260 2067 417 2128 falso
461 2070 627 2126 enim
674 2066 1144 2142 leucaethiopes
1195 2062 1432 2121 steriles
1479 2078 1545 2120 et

259 2157 387 2213 sive
412 2150 494 2209 ad
518 2149 947 2229 generandum
986 2151 1112 2205 sive
1154 2144 1234 2204 ad
1274 2164 1545 2228 concep-

260 2254 396 2297 tum
421 2236 618 2315 inepti
648 2256 685 2292 a
710 2230 1025 2292 nonnullis
1062 2230 1212 2290 dicti
1233 2246 1397 2290 sunt.

389 2363 627 2422 Verum
680 2363 746 2417 in
787 2361 1142 2416 universum
1180 2355 1387 2416 morbi
1427 2354 1546 2414 hu·-

259 2449 353 2526 jus
390 2442 810 2506 memorabilis
850 2445 1137 2500 notitiam
1197 2438 1543 2501 multifariis

261 2532 587 2593 erroribus.
633 2533 789 2589 mire
853 2526 1249 2609 deturpatam
1300 2530 1540 2607 accepi-

1377 2633 1534 2675 mus.
