1721 3041
133 258 170 296 Α
197 253 434 294 CETEms
460 250 816 289 ANIMALIBUS
853 249 1259 288 mFFBRENTiA.
1308 230 1391 314 57

241 407 573 464 Lacrumas
601 399 855 483 quidem
881 419 1210 461 secernere
1235 401 1393 460 mul-
1421 467 1424 471 ⁸

120 505 183 548 ta
211 506 460 570 praeter
487 488 810 546 hominem
841 485 1160 561 animalia,
1211 492 1393 547 tritis-

118 579 343 633 simum
387 589 495 632 est.
600 574 938 650 Quaeritur
976 589 1187 633 autem
1240 593 1395 631 num

121 675 184 718 et
237 681 315 717 ex
367 679 661 717 moerore
707 658 978 739 plorent.
1093 660 1395 718 Asserunt

120 744 376 824 quidem
428 743 506 803 de
550 743 867 802 nonnullis
914 743 1131 802 idonei
1177 760 1396 814 teste53

118 845 190 886 ut
212 829 290 897 de
315 829 523 910 phoca
548 834 756 889 ursina
790 828 1014 887 Steller
1043 835 1110 897 0)
1129 858 1151 903 ,⁷
1192 827 1279 900 de,
1298 849 1396 886 ca-

117 912 293 971 melis
339 914 413 974 el.
459 915 656 974 Pallas
699 923 822 996 p).·
912 914 1204 973 Ridendo
1242 933 1394 972 vero

117 997 493 1058 hilaritatem
508 999 903 1058 manifestare
921 999 1106 1060 bruta
1121 1004 1398 1057 animan-

119 1086 203 1139 tia
229 1091 420 1160 magis
457 1084 719 1140 dubium
757 1084 1032 1155 videtum
1098 1090 1211 1143 etsi
1262 1105 1398 1162 pas-

120 1170 234 1222 sim
276 1166 353 1222 ab
407 1165 766 1225 auctoribus
834 1167 1121 1247 exempla
1177 1183 1399 1226 notata.

119 1252 258 1306 sint.
363 1252 451 1306 Le
499 1251 615 1306 Cat
653 1271 708 1307 v,
740 1271 791 1308 c.
834 1256 1398 1326 simiamwatyrum

118 1331 524 1412 angolensem
578 1348 641 1390 et
687 1332 1047 1413 plorantem
1088 1350 1151 1393 et
1189 1334 1400 1393 riden-

119 1431 248 1475 tem
270 1416 490 1477 vidisse
530 1423 743 1477 asserit
776 1425 880 1502 q).

623 1593 684 1675 ς.
777 1619 877 1658 20.

121 1711 196 1771 V.
243 1709 469 1768 Morbi
499 1716 792 1768 maxime
812 1712 1261 1770 memorabiles
1287 1714 1397 1772 ho-

525 1799 690 1852 mini
720 1799 987 1876 proprii.

250 1928 648 2008 Quamquam
675 1928 833 1986 haec
858 1926 1263 2008 pathologica
1275 1931 1397 2010 pri-

121 2033 226 2071 mo
261 2016 492 2070 intuitu
530 2016 734 2072 minus
786 2011 868 2070 ad
913 2011 1236 2071 historiam
1285 2013 1399 2071 ho-

1213 2101 1397 2157 minis

190 2204 244 2264 o)
280 2217 386 2249 nov.
431 2213 679 2253 comment.
721 2198 861 2251 acad.
902 2201 1065 2250 scient.
1125 2198 1399 2267 Petropolit.

259 2272 328 2319 T.
350 2273 407 2318 11.
437 2286 542 2335 pag.
568 2283 685 2330 353.

185 2339 253 2403 p)
291 2355 336 2385 v.
368 2340 435 2397 Ej.
468 2335 791 2387 Nachrichten
817 2335 930 2386 ilb‘er
961 2337 1034 2387 die
1053 2334 1399 2405 Mongolischen

267 2403 671 2470 Vb‘lkerschaften.
708 2409 773 2457 T.
795 2410 829 2456 Ξ,
864 2423 909 2473 p.
939 2420 1048 2469 177.

189 2475 248 2544 q)
286 2492 331 2523 v.
363 2477 429 2534 Ej.
470 2474 641 2522 Traite'
668 2472 722 2525 de
752 2473 1039 2526 l'Existence
1065 2475 1129 2525 clu
1139 2469 1295 2538 fluide
1318 2468 1399 2524 dee

259 2541 396 2608 nerfs
433 2557 538 2608 pag.
561 2555 642 2606 35.
