1721 3041
335 279 756 321 DEGENERANDI
798 279 861 316 IN
903 275 1259 318 UNIVERSUM.
1345 282 1419 339 91

171 429 675 510 observatoribus
712 432 917 510 agnita
956 426 1171 502 fuerit,
1240 432 1433 487 maxi-

169 537 272 575 me
305 532 511 575 tamen
538 518 760 573 nostris
785 514 1091 594 temporib
1102 537 1165 573 us
1192 529 1324 573 tum
1339 519 1431 573 in·-

171 605 339 682 genti
365 599 536 683 quod
564 599 804 660 chemia
831 602 996 678 cepit
1019 604 1428 671 incremento,

169 700 304 743 tum
365 684 686 745 subtiliore
737 681 1159 764 physiologiae
1222 683 1431 744 studio

169 775 435 830 maxime
463 769 765 830 illustrata
791 784 881 827 est
909 783 973 826 et
1001 765 1384 827 confirmata.

290 894 702 956 Nihilominus
758 907 968 956 tamen
1014 892 1264 955 difficile
1304 913 1437 954 sae«

166 999 248 1061 pe
282 996 345 1037 et
375 980 639 1039 arduum
674 985 738 1040 in
781 981 1206 1065 disquisitione
1243 983 1436 1037 varie-

169 1078 370 1125 tatum
413 1062 671 1121 definire
718 1065 870 1145 quid
935 1070 1119 1126 unice
1186 1063 1435 1136 climati,

173 1145 325 1229 quid
355 1150 562 1225 potius
591 1145 719 1204 aliis
743 1146 1237 1225 degenerationis
1268 1168 1438 1208 caus-

162 1234 265 1301 815,
313 1228 463 1309 quid
490 1227 761 1308 denique
792 1232 962 1288 istius
996 1251 1139 1288 cum
1163 1230 1261 1305 *his
1289 1252 1440 1291 con-

172 1316 376 1377 curs-ui
410 1309 827 1371 tribuendum.

294 1441 550 1496 Interim
578 1453 788 1496 tamen
819 1436 1242 1498 liceatunum
1287 1439 1438 1499 alte-

164 1525 381 1581 rumve
401 1522 898 1602 degenerationis
923 1524 1275 1604 exemplum
1292 1546 1437 1607 pro-

170 1605 335 1666 ferre
367 1606 540 1688 quod
565 1612 834 1687 apertius
863 1627 940 1665 ex
977 1606 1234 1669 climatis
1258 1609 1436 1673 influ-

171 1713 256 1751 xu
281 1691 686 1751 derivandum
707 1691 969 1751 videtur.

302 1816 494 1877 Color
516 1838 570 1874 v.
592 1837 644 1875 c.
681 1814 920 1873 albidus
954 1813 1295 1877 multorum
1321 1815 1435 1876 sub

169 1899 693 1985 septentrionibus
738 1898 1110 1971 animalium,
1159 1920 1321 1980 quae
1372 1905 1439 1961 in

171 1989 524 2068 temperatis
559 1989 730 2043 zonis
760 1984 937 2042 aliter
966 1981 1247 2043 colorata
1272 2001 1434 2045 sunt.

172 2070 471 2152 Exempla
494 2068 797 2151 praebent
813 2067 1042 2149 vulpes,
1061 2066 1326 2149 leporeS‚
1348 2071 1438 2147 ju-

173 2172 402 2228 menta,
443 2153 747 2224 falcon05‚
792 2157 990 2227 corvi,
1036 2151 1434 2229 monedulae,

175 2238 468 2311 merulae,
514 2237 777 2320 fringilla
802 2236 1045 2299 caelebs
1087 2254 1205 2298 ete.

299 2367 533 2447 Frigori
601 2363 1002 2424 tribuendum
1069 2386 1200 2424 esse
1268 2364 1437 2423 hunc

177 2449 515 2516 candorem
558 2449 842 2532 analogia
894 2449 1081 2514 docet
1133 2450 1434 2534 ejusmodi

1310 2555 1435 2596 am«
