1721 3041
293 270 743 331 'DEGENERANDI
784 292 842 328 nv
887 273 1243 330 UMVERSUM.
1332 267 1412 348 95

156 457 293 499 rum
318 457 380 500 et
405 438 811 522 fringillarum
839 436 1194 520 generibus,
1241 459 1410 520 quaS,

100 563 103 567 -
156 530 206 583 si
236 526 526 585 cannabis
562 529 794 583 semine
829 528 1014 583 unice
1054 540 1411 606 pascuntur,

151 616 377 679 sensim
404 614 774 692 nigrescere,
821 625 1082 668 constat.

288 755 647 811 Texcurczm
675 751 949 833 pilorum
966 767 1204 809 mutato
1221 756 1416 811 victus

147 856 377 914 genere
404 841 628 896 mirum
668 853 968 919 quantum
1001 841 1242 908 mutari,
1290 840 1417 893 ovis

149 920 420 981 africana
480 922 767 1002 exemplo
839 938 930 980 est
999 925 1064 979 in
1131 919 1419 1001 Angliam

150 1005 458 1078 translata,
508 1009 679 1080 eujl'is
707 1006 850 1064 lana
881 1022 1098 1064 natura
1131 1028 1240 1064 sua
1284 1004 1417 1063 vilis

153 1106 216 1147 et
248 1090 532 1148 camelini
560 1090 669 1166 pili
697 1091 775 1146 ad
806 1094 995 1147 instar
1022 1107 1190 1149 recta
1208 1135 1222 1163 ,
1273 1105 1417 1170 post

150 1194 424 1230 annuum
456 1170 679 1250 anglici
706 1175 990 1251 graminis
1023 1190 1265 1252 pastum
1303 1193 1416 1230 no-

149 1255 502 1314 bilissimam
523 1270 708 1311 nacta
725 1271 816 1313 est
833 1256 1316 1312 teneritudinem
1340 1261 1412 1324 i).

275 1427 522 1502 Quanta
560 1445 708 1484 vero
749 1425 814 1484 in
849 1441 1110 1484 statura
1167 1443 1228 1484 et
1266 1448 1417 1507 pro-

143 1516 444 1595 porcione
491 1509 874 1569 immutanda
928 1515 1124 1570 victus
1177 1516 1252 1569 sit
1302 1534 1416 1591 po-

151 1600 374 1667 tentia,
429 1611 641 1676 aperte
678 1594 875 1677 liquet
932 1616 1009 1653 ex
1058 1595 1416 1654 animalium

154 1677 642 1739 domestic-orum
677 1682 1163 1758 comparatione.
1252 1683 1416 1761 Equi

149 1787 204 1823 v.
257 1786 308 1824 c.
360 1764 466 1844 qui
510 1768 574 1821 in
620 1768 792 1820 terris
844 1763 1157 1841 uliginosis
1225 1771 1416 1844 (quas

153 1847 484 1910 vernacula
573 1847 1048 1906 Masclzlc'mcler
1141 1850 1415 1920 vocant)

150 1934 365 2016 pingui
402 1948 660 1993 utuntur
702 1930 1028 2005 alimento,
1103 1948 1172 1990 ut
1204 1934 1415 1991 Frisici

152 2036 294 2091 eto,
337 2022 601 2074 maxime
630 2016 1060 2096 grandescunt,
1095 2038 1236 2075 cum
1263 2038 1416 2075 con-

152 2121 246 2162 tra
270 2108 334 2160 in
362 2105 590 2160 saxosis
623 2118 685 2158 et
716 2100 1005 2181 lapidosis
1038 2105 1230 2174 terris,
1265 2123 1414 2182 qua-

150 2187 240 2246 les
265 2201 407 2245 sunt
423 2185 821 2259 Oelandicae,
869 2202 974 2243 aut
1000 2191 1064 2245 in
1094 2186 1276 2244 aridis
1299 2191 1413 2246 eri-

156 2277 336 2345 eetis,
381 2269 640 2350 pumiles
684 2287 995 2330 maneant.
1093 2271 1186 2329 Ita
1209 2270 1412 2330 boves

1342 2360 1411 2413 in

222 2490 278 2553 i)
317 2487 372 2537 cf.
404 2489 521 2549 Jam.
551 2491 683 2537 Bates
721 2500 778 2534 on
812 2484 886 2535 the
924 2482 1084 2537 literal
1113 2484 1321 2537 doHrine
1356 2486 1421 2553 of

248 2562 262 2565 “
285 2555 494 2623 original
517 2556 615 2608 Sin.
654 2556 806 2605 Lond.
835 2560 979 2620 1766.
1009 2567 1055 2614 8.
1091 2570 1197 2624 pag.
1225 2570 1339 2622 224⁴
