<?xml version="1.0" encoding="UTF-8"?>
<!DOCTYPE html PUBLIC "-//W3C//DTD XHTML 1.0 Transitional//EN"
    "http://www.w3.org/TR/xhtml1/DTD/xhtml1-transitional.dtd">
<html xmlns="http://www.w3.org/1999/xhtml" xml:lang="en" lang="en">
 <head>
  <title>
</title>
<meta http-equiv="Content-Type" content="text/html;charset=utf-8" />
  <meta name='ocr-system' content='tesseract 3.04.00' />
  <meta name='ocr-capabilities' content='ocr_page ocr_carea ocr_par ocr_line ocrx_word'/>
</head>
<body>
  <div class='ocr_page' id='page_1' title='image "./degenerishumaniv00blum_0098.png"; bbox 0 0 1721 3041; ppageno 0'>
   <div class='ocr_carea' id='block_1_1' title="bbox 296 282 1369 356">
    <p class='ocr_par' dir='ltr' id='par_1_1' title="bbox 296 282 1369 356">
     <span class='ocr_line' id='line_1_1' title="bbox 296 282 1369 356; baseline -0.013 1"><span class='ocrx_word' id='word_1_1' title='bbox 296 285 373 356; x_wconf 67' lang='grc'>43</span> <span class='ocrx_word' id='word_1_2' title='bbox 467 316 498 323; x_wconf 77' lang='lat'>·-</span> <span class='ocrx_word' id='word_1_3' title='bbox 543 282 781 345; x_wconf 57' lang='grc' dir='ltr'>81113110Ὶ</span> <span class='ocrx_word' id='word_1_4' title='bbox 809 287 894 347; x_wconf 88' lang='grc' dir='ltr'>Ι.</span> <span class='ocrx_word' id='word_1_5' title='bbox 920 306 999 346; x_wconf 80' lang='lat' dir='ltr'>DE</span> <span class='ocrx_word' id='word_1_6' title='bbox 1041 306 1330 347; x_wconf 59' lang='lat' dir='ltr'>nomios·</span> <span class='ocrx_word' id='word_1_7' title='bbox 1366 314 1369 316; x_wconf 49' lang='grc'>’</span> 
     </span>
    </p>
   </div>
   <div class='ocr_carea' id='block_1_2' title="bbox 291 456 1577 1296">
    <p class='ocr_par' dir='ltr' id='par_1_2' title="bbox 291 456 1577 1296">
     <span class='ocr_line' id='line_1_2' title="bbox 418 456 1563 539; baseline 0.004 -26"><span class='ocrx_word' id='word_1_8' title='bbox 418 456 523 514; x_wconf 87' lang='lat' dir='ltr'>Uti</span> <span class='ocrx_word' id='word_1_9' title='bbox 559 476 708 537; x_wconf 79' lang='lat' dir='ltr'>ergo</span> <span class='ocrx_word' id='word_1_10' title='bbox 741 472 964 515; x_wconf 83' lang='lat' dir='ltr'>natura</span> <span class='ocrx_word' id='word_1_11' title='bbox 985 456 1307 517; x_wconf 85' lang='lat' dir='ltr'>hominem</span> <span class='ocrx_word' id='word_1_12' title='bbox 1321 478 1563 539; x_wconf 85' lang='lat' dir='ltr'>respec-</span> 
     </span>
     <span class='ocr_line' id='line_1_3' title="bbox 295 543 1570 621; baseline 0.002 -21"><span class='ocrx_word' id='word_1_13' title='bbox 295 556 366 600; x_wconf 79' lang='lat' dir='ltr'>tu</span> <span class='ocrx_word' id='word_1_14' title='bbox 391 545 585 617; x_wconf 72' lang='lat' dir='ltr'>victus</span> <span class='ocrx_word' id='word_1_15' title='bbox 619 556 688 598; x_wconf 87' lang='lat' dir='ltr'>ut</span> <span class='ocrx_word' id='word_1_16' title='bbox 711 563 896 621; x_wconf 83' lang='lat' dir='ltr'>sup-ra</span> <span class='ocrx_word' id='word_1_17' title='bbox 945 543 1236 617; x_wconf 84' lang='lat' dir='ltr'>vidimus,</span> <span class='ocrx_word' id='word_1_18' title='bbox 1306 564 1343 601; x_wconf 93' lang='lat' dir='ltr'>o</span> <span class='ocrx_word' id='word_1_19' title='bbox 1367 565 1498 601; x_wconf 44' lang='lat' dir='ltr'>men</span> <span class='ocrx_word' id='word_1_20' title='bbox 1520 547 1570 602; x_wconf 88' lang='lat' dir='ltr'>i-</span> 
     </span>
     <span class='ocr_line' id='line_1_4' title="bbox 294 623 1570 709; baseline 0.002 -25"><span class='ocrx_word' id='word_1_21' title='bbox 294 647 333 684; x_wconf 87' lang='lat' dir='ltr'><strong>v</strong></span> <span class='ocrx_word' id='word_1_22' title='bbox 351 646 401 686; x_wconf 94' lang='lat' dir='ltr'>o</span> <span class='ocrx_word' id='word_1_23' title='bbox 429 647 458 681; x_wconf 85' lang='lat' dir='ltr'>r</span> <span class='ocrx_word' id='word_1_24' title='bbox 482 647 525 682; x_wconf 86' lang='lat' dir='ltr'>u</span> <span class='ocrx_word' id='word_1_25' title='bbox 549 647 612 682; x_wconf 90' lang='lat' dir='ltr'>m</span> <span class='ocrx_word' id='word_1_26' title='bbox 667 623 845 685; x_wconf 83' lang='lat' dir='ltr'>fecit·</span> <span class='ocrx_word' id='word_1_27' title='bbox 833 673 848 699; x_wconf 83' lang='lat'>‚</span> <span class='ocrx_word' id='word_1_28' title='bbox 901 631 988 684; x_wconf 86' lang='lat' dir='ltr'>ita</span> <span class='ocrx_word' id='word_1_29' title='bbox 1015 645 1302 709; x_wconf 81' lang='lat' dir='ltr'>respectu</span> <span class='ocrx_word' id='word_1_30' title='bbox 1331 627 1570 686; x_wconf 83' lang='lat' dir='ltr'>habita-</span> 
     </span>
     <span class='ocr_line' id='line_1_5' title="bbox 292 712 1571 772; baseline 0.002 -5"><span class='ocrx_word' id='word_1_31' title='bbox 292 713 479 767; x_wconf 83' lang='lat' dir='ltr'>tionis</span> <span class='ocrx_word' id='word_1_32' title='bbox 518 730 662 768; x_wconf 89' lang='lat' dir='ltr'>eum</span> <span class='ocrx_word' id='word_1_33' title='bbox 702 716 991 770; x_wconf 83' lang='lat' dir='ltr'>omnis</span> <span class='ocrx_word' id='word_1_34' title='bbox 1036 735 1062 771; x_wconf 90' lang='lat' dir='ltr'>s</span> <span class='ocrx_word' id='word_1_35' title='bbox 1092 713 1227 772; x_wconf 88' lang='lat' dir='ltr'>oli</span> <span class='ocrx_word' id='word_1_36' title='bbox 1283 729 1363 771; x_wconf 86' lang='lat' dir='ltr'>et</span> <span class='ocrx_word' id='word_1_37' title='bbox 1417 712 1571 772; x_wconf 86' lang='lat' dir='ltr'>cli-</span> 
     </span>
     <span class='ocr_line' id='line_1_6' title="bbox 291 786 1571 894; baseline 0 -40"><span class='ocrx_word' id='word_1_38' title='bbox 291 817 359 854; x_wconf 84' lang='lat' dir='ltr'>m</span> <span class='ocrx_word' id='word_1_39' title='bbox 383 816 419 851; x_wconf 92' lang='lat' dir='ltr'>a</span> <span class='ocrx_word' id='word_1_40' title='bbox 444 810 469 851; x_wconf 86' lang='lat' dir='ltr'>t</span> <span class='ocrx_word' id='word_1_41' title='bbox 489 798 511 852; x_wconf 88' lang='lat' dir='ltr'>i</span> <span class='ocrx_word' id='word_1_42' title='bbox 534 817 561 852; x_wconf 90' lang='lat' dir='ltr'>s</span> <span class='ocrx_word' id='word_1_43' title='bbox 621 786 1088 894; x_wconf 50' lang='grc' dir='ltr'>(παντοὸριπον)</span> <span class='ocrx_word' id='word_1_44' title='bbox 1151 819 1280 856; x_wconf 90' lang='lat' dir='ltr'>esse</span> <span class='ocrx_word' id='word_1_45' title='bbox 1340 797 1571 871; x_wconf 81' lang='lat' dir='ltr'>voluit3</span> 
     </span>
     <span class='ocr_line' id='line_1_7' title="bbox 293 877 1575 960; baseline 0.002 -23"><span class='ocrx_word' id='word_1_46' title='bbox 293 877 569 960; x_wconf 81' lang='lat' dir='ltr'>ideoque</span> <span class='ocrx_word' id='word_1_47' title='bbox 599 899 824 959; x_wconf 80' lang='lat' dir='ltr'>corpus</span> <span class='ocrx_word' id='word_1_48' title='bbox 853 884 980 940; x_wconf 86' lang='lat' dir='ltr'>eius</span> <span class='ocrx_word' id='word_1_49' title='bbox 1028 903 1107 940; x_wconf 86' lang='lat' dir='ltr'>ex</span> <span class='ocrx_word' id='word_1_50' title='bbox 1143 887 1412 941; x_wconf 81' lang='lat' dir='ltr'>maxime</span> <span class='ocrx_word' id='word_1_51' title='bbox 1462 881 1575 940; x_wconf 88' lang='lat' dir='ltr'>ob-</span> 
     </span>
     <span class='ocr_line' id='line_1_8' title="bbox 295 964 1575 1045; baseline 0 -22"><span class='ocrx_word' id='word_1_52' title='bbox 295 964 590 1045; x_wconf 80' lang='lat' dir='ltr'>sequioso</span> <span class='ocrx_word' id='word_1_53' title='bbox 635 981 940 1024; x_wconf 85' lang='lat' dir='ltr'>contextu</span> <span class='ocrx_word' id='word_1_54' title='bbox 972 989 1233 1025; x_wconf 82' lang='lat' dir='ltr'>mucoso</span> <span class='ocrx_word' id='word_1_55' title='bbox 1272 966 1575 1026; x_wconf 85' lang='lat' dir='ltr'>fabricata</span> 
     </span>
     <span class='ocr_line' id='line_1_9' title="bbox 294 1048 1577 1123; baseline 0 -16"><span class='ocrx_word' id='word_1_56' title='bbox 294 1065 406 1123; x_wconf 81' lang='lat' dir='ltr'>est,</span> <span class='ocrx_word' id='word_1_57' title='bbox 448 1066 518 1108; x_wconf 87' lang='lat' dir='ltr'>ut</span> <span class='ocrx_word' id='word_1_58' title='bbox 544 1070 622 1108; x_wconf 88' lang='lat' dir='ltr'>eo</span> <span class='ocrx_word' id='word_1_59' title='bbox 661 1048 899 1110; x_wconf 75' lang='lat' dir='ltr'>facilius</span> <span class='ocrx_word' id='word_1_60' title='bbox 943 1050 1024 1108; x_wconf 85' lang='lat' dir='ltr'>ad</span> <span class='ocrx_word' id='word_1_61' title='bbox 1066 1049 1435 1108; x_wconf 74' lang='lat' dir='ltr'>multifarios</span> <span class='ocrx_word' id='word_1_62' title='bbox 1487 1050 1577 1107; x_wconf 86' lang='lat' dir='ltr'>di-</span> 
     </span>
     <span class='ocr_line' id='line_1_10' title="bbox 294 1133 1577 1214; baseline 0.001 -22"><span class='ocrx_word' id='word_1_63' title='bbox 294 1154 618 1192; x_wconf 82' lang='lat' dir='ltr'>versorum</span> <span class='ocrx_word' id='word_1_64' title='bbox 665 1133 985 1193; x_wconf 79' lang='lat' dir='ltr'>climatum</span> <span class='ocrx_word' id='word_1_65' title='bbox 1031 1135 1330 1211; x_wconf 80' lang='lat' dir='ltr'>impulsus</span> <span class='ocrx_word' id='word_1_66' title='bbox 1363 1156 1429 1193; x_wconf 83' lang='lat' dir='ltr'>se</span> <span class='ocrx_word' id='word_1_67' title='bbox 1472 1156 1577 1214; x_wconf 80' lang='lat' dir='ltr'>ap-</span> 
     </span>
     <span class='ocr_line' id='line_1_11' title="bbox 295 1215 1283 1296; baseline 0 -21"><span class='ocrx_word' id='word_1_68' title='bbox 295 1234 430 1276; x_wconf 85' lang='lat' dir='ltr'>tare</span> <span class='ocrx_word' id='word_1_69' title='bbox 464 1233 528 1276; x_wconf 89' lang='lat' dir='ltr'>et</span> <span class='ocrx_word' id='word_1_70' title='bbox 552 1215 1038 1276; x_wconf 84' lang='lat' dir='ltr'>accommodare</span> <span class='ocrx_word' id='word_1_71' title='bbox 1068 1220 1283 1296; x_wconf 81' lang='lat' dir='ltr'><strong>possit.</strong></span> 
     </span>
    </p>
   </div>
   <div class='ocr_carea' id='block_1_3' title="bbox 243 1340 1581 2249">
    <p class='ocr_par' dir='ltr' id='par_1_3' title="bbox 243 1340 1581 2249">
     <span class='ocr_line' id='line_1_12' title="bbox 424 1340 1579 1422; baseline 0.001 -22"><span class='ocrx_word' id='word_1_72' title='bbox 424 1341 648 1401; x_wconf 85' lang='lat' dir='ltr'>Eidem</span> <span class='ocrx_word' id='word_1_73' title='bbox 675 1358 887 1399; x_wconf 85' lang='lat' dir='ltr'>autem</span> <span class='ocrx_word' id='word_1_74' title='bbox 910 1340 1320 1401; x_wconf 81' lang='lat' dir='ltr'>adsuescendi</span> <span class='ocrx_word' id='word_1_75' title='bbox 1355 1344 1579 1422; x_wconf 77' lang='lat' dir='ltr'>aptitu-</span> 
     </span>
     <span class='ocr_line' id='line_1_13' title="bbox 294 1425 1578 1507; baseline -0.001 -21"><span class='ocrx_word' id='word_1_76' title='bbox 294 1427 428 1486; x_wconf 78' lang='lat' dir='ltr'>dini</span> <span class='ocrx_word' id='word_1_77' title='bbox 472 1430 719 1507; x_wconf 78' lang='lat' dir='ltr'>egregie</span> <span class='ocrx_word' id='word_1_78' title='bbox 747 1425 1103 1507; x_wconf 13' lang='lat' dir='ltr'>‘respondet</span> <span class='ocrx_word' id='word_1_79' title='bbox 1146 1427 1266 1485; x_wconf 83' lang='lat' dir='ltr'>alia</span> <span class='ocrx_word' id='word_1_80' title='bbox 1309 1426 1578 1486; x_wconf 87' lang='lat' dir='ltr'>hominis</span> 
     </span>
     <span class='ocr_line' id='line_1_14' title="bbox 295 1510 1580 1596; baseline -0.002 -26"><span class='ocrx_word' id='word_1_81' title='bbox 295 1516 644 1596; x_wconf 80' lang='lat' dir='ltr'>proprietas</span> <span class='ocrx_word' id='word_1_82' title='bbox 725 1510 1157 1595; x_wconf 70' lang='lat' dir='ltr'>physiologica</span> <span class='ocrx_word' id='word_1_83' title='bbox 1190 1521 1207 1585; x_wconf 83' lang='lat'>‚&#39;</span> <span class='ocrx_word' id='word_1_84' title='bbox 1305 1514 1580 1570; x_wconf 72' lang='lat' dir='ltr'>tardam</span> 
     </span>
     <span class='ocr_line' id='line_1_15' title="bbox 243 1597 1580 1678; baseline -0.002 -21"><span class='ocrx_word' id='word_1_85' title='bbox 243 1644 245 1646; x_wconf 50' lang='lat'>&gt;</span> <span class='ocrx_word' id='word_1_86' title='bbox 295 1617 527 1678; x_wconf 77' lang='lat' dir='ltr'>nempe</span> <span class='ocrx_word' id='word_1_87' title='bbox 569 1600 1068 1660; x_wconf 69' lang='lat' dir='ltr'>incrementum,</span> <span class='ocrx_word' id='word_1_88' title='bbox 1116 1597 1317 1677; x_wconf 70' lang='lat' dir='ltr'>longa</span> <span class='ocrx_word' id='word_1_89' title='bbox 1358 1597 1580 1676; x_wconf 76' lang='lat' dir='ltr'>infan-</span> 
     </span>
     <span class='ocr_line' id='line_1_16' title="bbox 298 1680 1574 1763; baseline -0.002 -22"><span class='ocrx_word' id='word_1_90' title='bbox 298 1684 430 1746; x_wconf 62' lang='grc' dir='ltr'><em>εἷα..</em></span> <span class='ocrx_word' id='word_1_91' title='bbox 476 1704 621 1740; x_wconf 74' lang='lat' dir='ltr'>sera</span> <span class='ocrx_word' id='word_1_92' title='bbox 643 1681 976 1763; x_wconf 73' lang='lat' dir='ltr'>pubertas.</span> <span class='ocrx_word' id='word_1_93' title='bbox 1067 1680 1239 1739; x_wconf 84' lang='lat' dir='ltr'>Nulli</span> <span class='ocrx_word' id='word_1_94' title='bbox 1264 1680 1366 1739; x_wconf 78' lang='lat' dir='ltr'>alii</span> <span class='ocrx_word' id='word_1_95' title='bbox 1383 1703 1574 1738; x_wconf 80' lang='lat' dir='ltr'>mam-</span> 
     </span>
     <span class='ocr_line' id='line_1_17' title="bbox 297 1765 1580 1827; baseline -0.002 -1"><span class='ocrx_word' id='word_1_96' title='bbox 297 1767 558 1827; x_wconf 86' lang='lat' dir='ltr'>malium</span> <span class='ocrx_word' id='word_1_97' title='bbox 607 1782 735 1823; x_wconf 84' lang='lat' dir='ltr'>tam</span> <span class='ocrx_word' id='word_1_98' title='bbox 776 1786 914 1824; x_wconf 81' lang='lat' dir='ltr'>sero</span> <span class='ocrx_word' id='word_1_99' title='bbox 963 1765 1227 1825; x_wconf 74' lang='lat' dir='ltr'>calvaiia</span> <span class='ocrx_word' id='word_1_100' title='bbox 1284 1765 1580 1825; x_wconf 82' lang='lat' dir='ltr'>coalescit</span> 
     </span>
     <span class='ocr_line' id='line_1_18' title="bbox 299 1847 1580 1933; baseline -0.001 -22"><span class='ocrx_word' id='word_1_101' title='bbox 299 1868 365 1911; x_wconf 85' lang='lat' dir='ltr'>et</span> <span class='ocrx_word' id='word_1_102' title='bbox 392 1847 609 1910; x_wconf 85' lang='lat' dir='ltr'>dentes</span> <span class='ocrx_word' id='word_1_103' title='bbox 645 1872 711 1910; x_wconf 84' lang='lat' dir='ltr'>el</span> <span class='ocrx_word' id='word_1_104' title='bbox 717 1867 998 1931; x_wconf 83' lang='lat' dir='ltr'>umpunt</span> <span class='ocrx_word' id='word_1_105' title='bbox 1044 1850 1287 1908; x_wconf 82' lang='lat' dir='ltr'>nullum</span> <span class='ocrx_word' id='word_1_106' title='bbox 1333 1868 1580 1933; x_wconf 79' lang='lat' dir='ltr'>piaeter</span> 
     </span>
     <span class='ocr_line' id='line_1_19' title="bbox 300 1932 1581 2016; baseline -0.002 -20"><span class='ocrx_word' id='word_1_107' title='bbox 300 1932 624 1997; x_wconf 79' lang='lat' dir='ltr'>hominem</span> <span class='ocrx_word' id='word_1_108' title='bbox 680 1951 808 1994; x_wconf 82' lang='lat' dir='ltr'>tam</span> <span class='ocrx_word' id='word_1_109' title='bbox 868 1957 1009 1994; x_wconf 81' lang='lat' dir='ltr'>seio</span> <span class='ocrx_word' id='word_1_110' title='bbox 1066 1935 1332 2016; x_wconf 84' lang='lat' dir='ltr'>pedibus</span> <span class='ocrx_word' id='word_1_111' title='bbox 1400 1938 1581 1995; x_wconf 84' lang='lat' dir='ltr'>inniti</span> 
     </span>
     <span class='ocr_line' id='line_1_20' title="bbox 299 2021 1580 2100; baseline 0.001 -22"><span class='ocrx_word' id='word_1_112' title='bbox 299 2021 500 2094; x_wconf 80' lang='lat' dir='ltr'>discit,</span> <span class='ocrx_word' id='word_1_113' title='bbox 550 2037 612 2078; x_wconf 84' lang='lat' dir='ltr'>et</span> <span class='ocrx_word' id='word_1_114' title='bbox 640 2026 704 2079; x_wconf 88' lang='lat' dir='ltr'>in</span> <span class='ocrx_word' id='word_1_115' title='bbox 731 2037 925 2078; x_wconf 60' lang='lat' dir='ltr'>statul</span> <span class='ocrx_word' id='word_1_116' title='bbox 930 2043 1030 2077; x_wconf 88' lang='lat' dir='ltr'>am</span> <span class='ocrx_word' id='word_1_117' title='bbox 1059 2021 1312 2100; x_wconf 82' lang='lat' dir='ltr'>plenam</span> <span class='ocrx_word' id='word_1_118' title='bbox 1339 2021 1580 2079; x_wconf 85' lang='lat' dir='ltr'>adoles-</span> 
     </span>
     <span class='ocr_line' id='line_1_21' title="bbox 303 2101 1581 2178; baseline 0.001 -15"><span class='ocrx_word' id='word_1_119' title='bbox 303 2109 405 2178; x_wconf 81' lang='lat' dir='ltr'>cit,</span> <span class='ocrx_word' id='word_1_120' title='bbox 454 2121 562 2162; x_wconf 86' lang='lat' dir='ltr'>aut</span> <span class='ocrx_word' id='word_1_121' title='bbox 593 2104 673 2161; x_wconf 90' lang='lat' dir='ltr'>ad</span> <span class='ocrx_word' id='word_1_122' title='bbox 709 2104 989 2163; x_wconf 73' lang='lat' dir='ltr'>sexu&#39;ales</span> <span class='ocrx_word' id='word_1_123' title='bbox 1021 2101 1375 2164; x_wconf 84' lang='lat' dir='ltr'>functiones</span> <span class='ocrx_word' id='word_1_124' title='bbox 1407 2126 1581 2164; x_wconf 79' lang='lat' dir='ltr'>exer·</span> 
     </span>
     <span class='ocr_line' id='line_1_22' title="bbox 303 2188 949 2249; baseline -0.003 0"><span class='ocrx_word' id='word_1_125' title='bbox 303 2188 533 2249; x_wconf 87' lang='lat' dir='ltr'>cendas</span> <span class='ocrx_word' id='word_1_126' title='bbox 572 2191 949 2247; x_wconf 84' lang='lat' dir='ltr'>maturescit.</span> 
     </span>
    </p>
   </div>
   <div class='ocr_carea' id='block_1_4' title="bbox 304 2316 1583 2626">
    <p class='ocr_par' dir='ltr' id='par_1_4' title="bbox 304 2316 1583 2568">
     <span class='ocr_line' id='line_1_23' title="bbox 431 2316 1581 2397; baseline -0.001 -22"><span class='ocrx_word' id='word_1_127' title='bbox 431 2316 690 2375; x_wconf 87' lang='lat' dir='ltr'>Nullum</span> <span class='ocrx_word' id='word_1_128' title='bbox 737 2337 886 2375; x_wconf 86' lang='lat' dir='ltr'>vero</span> <span class='ocrx_word' id='word_1_129' title='bbox 948 2316 1025 2377; x_wconf 88' lang='lat' dir='ltr'>ab</span> <span class='ocrx_word' id='word_1_130' title='bbox 1076 2317 1272 2376; x_wconf 82' lang='lat' dir='ltr'>altera.</span> <span class='ocrx_word' id='word_1_131' title='bbox 1324 2336 1581 2397; x_wconf 83' lang='lat' dir='ltr'>quoque</span> 
     </span>
     <span class='ocr_line' id='line_1_24' title="bbox 304 2401 1582 2485; baseline -0.003 -25"><span class='ocrx_word' id='word_1_132' title='bbox 304 2418 482 2484; x_wconf 82' lang='lat' dir='ltr'>parte</span> <span class='ocrx_word' id='word_1_133' title='bbox 525 2401 857 2464; x_wconf 67' lang='lat' dir='ltr'>mammale</span> <span class='ocrx_word' id='word_1_134' title='bbox 900 2402 1073 2485; x_wconf 82' lang='lat' dir='ltr'>quod</span> <span class='ocrx_word' id='word_1_135' title='bbox 1123 2418 1412 2482; x_wconf 80' lang='lat' dir='ltr'>respectu</span> <span class='ocrx_word' id='word_1_136' title='bbox 1448 2421 1582 2465; x_wconf 88' lang='lat' dir='ltr'>mo-</span> 
     </span>
     <span class='ocr_line' id='line_1_25' title="bbox 307 2485 1583 2568; baseline -0.004 -23"><span class='ocrx_word' id='word_1_137' title='bbox 307 2485 492 2548; x_wconf 83' lang='lat' dir='ltr'>dicae</span> <span class='ocrx_word' id='word_1_138' title='bbox 537 2508 883 2568; x_wconf 78' lang='lat' dir='ltr'>corporeae</span> <span class='ocrx_word' id='word_1_139' title='bbox 947 2488 1126 2549; x_wconf 81' lang='lat' dir='ltr'>molis</span> <span class='ocrx_word' id='word_1_140' title='bbox 1184 2504 1312 2546; x_wconf 81' lang='lat' dir='ltr'>tam</span> <span class='ocrx_word' id='word_1_141' title='bbox 1363 2487 1583 2545; x_wconf 75' lang='lat' dir='ltr'>seroti-</span> 
     </span>
    </p>

    <p class='ocr_par' dir='ltr' id='par_1_5' title="bbox 1413 2590 1567 2626">
     <span class='ocr_line' id='line_1_26' title="bbox 1413 2590 1567 2626; baseline 0 0"><span class='ocrx_word' id='word_1_142' title='bbox 1413 2590 1567 2626; x_wconf 67' lang='lat' dir='ltr'><em>nllfn</em></span> 
     </span>
    </p>
   </div>
  </div>
 </body>
</html>
