1721 3041
384 318 891 362 DEGENERATIONE
921 319 986 374 IN
1016 318 1232 357 SPECIE.
1326 321 1453 381 277

162 488 318 530 mus,
407 472 502 529 Ita
539 492 594 532 v.
626 490 679 531 c.
723 468 827 530 alii
861 468 1247 530 haesitarunt
1283 490 1450 529 anne

161 554 622 636 leucaethiopia
663 578 779 638 pro
828 576 975 615 vere
1012 555 1309 615 morbosa
1365 554 1452 615 af-

161 637 442 700 fectione
478 640 771 701 habenda
800 644 906 712 sit3
968 640 1070 699 alii
1119 661 1258 700 eam
1297 662 1443 701 cum

164 729 521 788 cretinismo
543 772 557 799 ,
624 726 726 784 alii
783 747 925 785 cum
977 730 1189 794 simiae
1257 730 1445 803 satyri

164 809 421 871 historia
455 811 619 869 male
659 809 1113 881 c-‚onfuderunt3
1172 810 1274 868 alii
1310 832 1442 869 non

161 897 279 953 nisi
321 899 485 957 intra
524 900 802 975 tropicos
856 916 995 952 eam
1041 893 1445 955 affectionem

161 998 354 1038 visam
388 999 519 1037 esse
551 994 669 1038 etc,
717 995 955 1047 temere
985 997 1399 1054 asseruerunt.

290 1064 672 1143 Quanquam
710 1067 877 1122 enim
912 1069 1131 1146 utique
1171 1068 1443 1144 primum
1485 1065 1490 1071 ’

159 1150 324 1205 inter
337 1148 679 1227 Aethiopes
707 1148 1034 1207 observata
1059 1147 1264 1223 fuerit,
1295 1148 1444 1210 ideo

162 1229 342 1312 quod
367 1234 431 1289 in
459 1235 634 1312 nigra
671 1248 859 1312 gente
898 1237 1052 1292 cutis
1090 1250 1153 1292 et
1189 1233 1445 1320 capillo-

161 1336 303 1372 rum
333 1313 561 1373 albedo
594 1321 876 1375 omnium
912 1323 1181 1377 maxime
1222 1318 1443 1378 oculos

160 1396 348 1458 ferire
371 1401 726 1479 oportebat,
759 1402 1033 1484 hincque
1065 1425 1138 1462 ea
1162 1401 1444 1464 affectio-

161 1504 244 1543 ne
302 1490 602 1564 correptis
674 1480 1188 1568 leucaetliiopum
1259 1488 1439 1570 (gall.

164 1572 413 1650 Negres
471 1569 737 1643 blancs)
797 1593 1033 1630 nomen
1094 1573 1310 1631 datum
1366 1578 1444 1632 sit

164 1655 371 1737 (quos
397 1653 683 1712 homines
707 1656 916 1712 Batavi
942 1659 1007 1713 in
1033 1657 1208 1714 India
1237 1663 1443 1717 orien—

161 1739 272 1798 tali
322 1744 733 1818 contemptim
769 1742 989 1798 insecti
1028 1739 1286 1822 lucifugi
1333 1764 1447 1799 no—

163 1828 332 1883 mine
392 1823 885 1886 Kackerlczclzen'
929 1824 1277 1904 appellant,
1335 1828 1444 1883 Hi-

164 1914 341 1989 spani
360 1908 666 1977 Albir'eos,
701 1907 862 1966 Galli
880 1909 1223 1987 Blascm'cls,
1255 1914 1442 1984 etc.);

163 2010 411 2052 tantum
455 2009 666 2050 tamen
708 1992 883 2050 abest
927 1998 1111 2052 unice
1150 2000 1312 2054 inter
1350 2000 1439 2052 ni-

162 2083 370 2156 gritaS,
416 2081 542 2134 imo
570 2076 670 2136 vel
704 2081 770 2135 in
808 2077 1045 2136 torrida
1082 2079 1300 2138 saltem
1336 2103 1438 2138 zo-

163 2185 248 2224 na
275 2183 413 2221 eam
443 2180 806 2234 occurrere,
852 2178 924 2220 ut
955 2168 1163 2242 potius
1201 2165 1441 2225 nullam

163 2248 422 2306 humani
467 2251 707 2325 generis
752 2251 1146 2322 varietatem,
1204 2249 1441 2307 nullam

166 2349 474 2392 terrarum
497 2330 660 2389 orbis
687 2347 948 2412 partem,
996 2331 1076 2390 ad
1104 2355 1248 2392 eum
1275 2356 1440 2392 mor-

166 2416 320 2478 bum
358 2414 876 2498 ·producendum
941 2420 1217 2502 ineptam
1289 2438 1441 2492 esse,

169 2518 343 2562 certo
383 2505 606 2561 certius
641 2517 903 2563 constet.

757 2586 798 2646 S
844 2589 880 2648 5
1291 2588 1446 2651 Mihi
