1721 3041
285 320 793 362 DEGENERATIONE
825 322 889 361 IN
921 320 1136 365 sPEcffi.
1234 305 1350 385 195

74 476 315 555 generis
349 472 605 530 humani
645 475 1012 531 varietatum
1059 494 1191 532 non
1238 478 1351 534 mi-

72 581 190 616 nus
220 579 292 617 ac
320 556 498 617 color
543 577 758 614 earum
800 574 1097 617 cutaneus
1135 563 1351 619 misce-

72 659 174 702 tur
199 659 262 701 et
290 645 463 723 quasi
493 640 783 721 confluit,
829 644 915 697 ita
958 659 1027 700 ut
1071 643 1362 704 medium·

69 743 222 786 tunc
245 732 408 785 inter
436 729 762 807 utriusque
793 731 1066 804 parentis
1108 729 1351 788 vultum

67 833 218 892 prae
244 831 309 869 se
339 810 515 869 ferat.
607 812 772 868 Hinc
789 813 979 867 mixta
1006 809 1194 870 facies
1211 816 1348 872 Mu-

64 894 372 968 latorum,
420 895 568 952 hinc
594 896 1021 952 Cosaccorum
1044 903 1109 963 z)
1139 913 1201 955 et
1214 899 1352 956 Kir-

65 984 338 1055 gisarum
372 985 446 1047 a)
483 982 814 1057 progenies
850 979 1177 1039 connubiis
1206 1004 1350 1057 cum

67 1064 417 1122 Calmuccis
464 1066 691 1120 sensim
736 1060 1116 1139 deformata,
1163 1069 1219 1123 T
1224 1084 1350 1125 ata·-

68 1170 285 1207 rorum
346 1163 564 1206 contra
623 1149 1067 1227 Nogaiensium
1140 1151 1351 1230 proles

71 1232 300 1312 copula
355 1254 497 1291 cum
558 1231 962 1311 Georgianis‚
1031 1241 1351 1296 venustior

68 1316 313 1375 reddita
345 1315 432 1384 b).

193 1484 496 1566 Exempla
528 1500 738 1543 autem
759 1489 1115 1545 intemerati
1142 1488 1349 1548 vultus

66 1570 450 1653 populorum
486 1570 668 1627 nullis
701 1568 830 1628 aliis
860 1569 1119 1630 aliaruin
1146 1578 1348 1632 natio-

65 1678 220 1714 num.
261 1653 588 1714 connubiis
615 1652 993 1713 infectorum
1026 1659 1349 1738 quondam

67 1740 458 1821 praebebant
485 1755 726 1796 veteres
756 1739 1052 1797 Germani
1093 1749 1186 1813 e),
1223 1743 1347 1801 sho-

68 1824 326 1883 dienum
360 1843 507 1881 vero
562 1825 811 1905 Cingari
853 1829 1105 1904 genuini
1150 1828 1348 1885 Tran-

69 1909 378 1986 sylvaniae
406 1907 683 1988 indigeni
712 1910 786 1977 d)
806 1954 819 1980 ‚
879 1925 941 1966 et
977 1913 1169 1967 instar
1216 1933 1348 1969 om-

66 1998 241 2052 nium
296 1993 683 2051 Judaeorum
739 2013 888 2074 gens
955 1994 1070 2053 sub
1129 2001 1347 2077 quovis

1202 2101 1347 2141 coe-

138 2183 197 2246 z)
233 2183 389 2231 Decus
422 2185 691 2233 craniorum
723 2184 880 2244 prima
917 2198 1023 2247 pag.
1062 2191 1143 2239 18.

135 2258 187 2309 a)
228 2252 378 2299 Decas
406 2255 674 2299 craniorum
707 2249 856 2298 altera
893 2267 1000 2314 pag.
1044 2257 1088 2303 8.

135 2318 193 2382 b)
235 2317 480 2374 Peyssonel
512 2335 597 2368 sur
623 2318 662 2367 le
691 2336 937 2367 commerce
970 2318 1023 2366 de
1049 2317 1092 2368 la
1122 2336 1220 2369 mer
1243 2325 1341 2372 noi-

203 2403 254 2433 re
294 2387 361 2434 Τ.
397 2389 431 2436 Ι.
465 2403 566 2451 pag.
594 2401 698 2447 177.

136 2453 188 2515 ε)
227 2455 428 2501 Tacitus
459 2455 512 2503 de
548 2453 755 2504 moribus
788 2451 1129 2506 Germanorum
1164 2475 1205 2508 c.
1236 2471 1285 2522 4.

140 2520 200 2586 d)
240 2521 389 2573 Decus
421 2527 690 2575 craniorum
714 2522 864 2572 altera
900 2539 1006 2590 pag.
1039 2538 1085 2586 3.

656 2593 797 2652 N2
