1721 3041
157 279 194 313 A
221 272 456 312 CETEms
479 269 840 307 ANIMALIBUS
856 270 1273 319 -DIFFERENT1A.
1322 261 1395 320 41

140 445 220 483 ex
250 422 478 482 eodem
503 419 699 485 natali
722 420 869 481 loco
899 424 1222 488 animantis
1241 463 1261 496 ‚7
1306 440 1408 480 eas

138 508 408 573 exhibet.
427 570 429 574 ,
464 529 476 551 -’

266 689 351 747 Ut
381 703 451 745 ut
471 690 722 746 interim
747 691 824 746 sit
848 684 974 744 hoc
993 705 1142 744 sane
1170 700 1412 744 certum

141 772 318 855 quod
353 772 570 832 itidem
606 773 686 831 ad
715 772 985 835 hominis
1022 770 1414 829 characteres

139 855 359 916 referri
389 871 616 940 potest,
661 858 833 916 hisce
861 877 1023 939 quae
1055 855 1182 914 dixi
1217 857 1417 913 simia-

139 965 280 1000 rum
308 949 526 1003 craniis
568 964 771 1024 aeque
813 964 887 1002 ac
924 941 1177 1022 reliquis
1225 960 1419 997 mam·

141 1027 404 1087 malibus
447 1029 726 1088 maxillas
765 1032 959 1109 magis
1009 1047 1142 1087 esse
1189 1027 1420 1106 promi-

144 1129 365 1172 nentes
406 1130 470 1173 et
508 1130 863 1172 antrorsum
902 1127 1244 1191 porrectas-

603 1313 708 1449 §4
818 1372 911 1430 16.

151 1534 227 1606 B)
298 1533 608 1590 Partizcm
658 1534 1091 1613 quarundam
1146 1533 1429 1592 hominis

191 1623 604 1679 incernczrmn
629 1618 717 1675 ab
750 1622 827 1676 iis
865 1619 1150 1676 aliorum
1181 1640 1387 1675 mam-

405 1704 683 1760 mellicam
728 1703 1174 1779 differentiae.

278 1874 425 1930 Non
450 1873 565 1929 nisi
588 1869 667 1928 de
698 1873 910 1950 paucis
937 1873 1135 1952 iisque
1160 1874 1429 1928 maxime

154 1956 563 2039 singularibus
644 1953 948 2013 eiusmodi
1023 1953 1386 2013 differentiis
1412 2000 1427 2027 ,

154 2041 257 2100 hio
282 2040 461 2099 nobis
493 2059 848 2100 sermonem
878 2059 1009 2100 esse
1040 2060 1242 2121 posse,
1284 2037 1430 2098 faci·
1493 2044 1502 2047 χ

155 2125 216 2185 16
249 2125 629 2206 intelligitur.

283 2296 368 2352 Ut
404 2315 552 2376 ergo
595 2317 630 2354 a
674 2299 876 2376 capite
916 2297 1282 2377 incipiamus
1318 2293 1430 2353 ho-

160 2383 327 2452 mini,
373 2397 622 2460 praeter
658 2384 825 2440 varia
863 2384 1117 2439 minoris
1150 2399 1431 2440 momen—

161 2465 463 2544 ti‚lentem
485 2488 539 2526 v.
561 2488 612 2527 c.
642 2464 1056 2549 crystallinam
1083 2469 1198 2548 ipsi
1229 2467 1304 2538 (si
1333 2483 1432 2522 ce-

751 2551 802 2608 C
849 2549 883 2610 5
1253 2563 1431 2608 tacea
