1721 3041
293 223 721 284 DEGENERANm
763 245 827 282 IN
867 241 1222 282 UN1VERSUM.
1278 223 1393 287 103

625 390 684 472 g.
775 394 885 453 ss·

127 522 593 582 Heredicarz’ae
611 527 1043 605 proprietates
1083 521 1388 579 animali-

267 631 379 665 um
410 630 491 665 ex
517 609 813 666 morbosa
849 610 1242 688 intemperie.

249 737 544 797 Morbosa
576 759 652 797 ex
681 737 1026 797 hereditate
1070 736 1390 816 dispositio-

125 823 326 901 primo
368 823 621 903 quidem
662 827 890 881 intuitu
926 821 1003 879 acl
1038 820 1389 901 pathologi-

123 927 224 962 am
249 912 454 986 potius
491 930 678 988 quam
707 908 787 966 ad
813 908 1131 965 historiam
1162 908 1391 962 anima-

122 987 275 1047 lium
330 992 678 1049 naturalem
740 997 1052 1072 pertinere
1122 989 1385 1047 videtur.

127 1074 414 1131 Curatius
445 1095 594 1131 vero
627 1097 760 1132 rem
795 1075 1211 1155 perpendenti
1245 1072 1393 1130 fac}

128 1155 188 1213 le
230 1155 467 1235 patebit
509 1177 641 1213 non
696 1179 823 1214 una
884 1162 1125 1214 ratione
1174 1161 1395 1235 utique

129 1243 316 1297 etiam
340 1239 419 1295 ad
445 1238 553 1296 has
586 1261 736 1318 quas
768 1245 1001 1319 agimus
1030 1261 1269 1298 caussas
1289 1238 1395 1301 de·-

127 1325 541 1403 generationis
567 1321 786 1381 referri
811 1342 1013 1402 posse.

253 1477 458 1535 Primo
499 1480 664 1534 enim
692 1474 1000 1556 quaedam
1036 1471 1396 1533 animalium

127 1558 455 1641 qualitates
497 1576 790 1617 externae
833 1565 944 1618 etsi
978 1581 1055 1618 ex
1090 1559 1256 1639 vulgi
1284 1578 1398 1615 no-

128 1649 303 1702 tione
328 1648 580 1701 minime
607 1643 686 1700 ad
698 1664 843 1702 vere
869 1644 1225 1713 morbosam
1248 1662 1396 1700 con-

129 1731 516 1786 stitutionem
550 1725 766 1784 referri
795 1727 1034 1784 soleant
1053 1746 1075 1798 ,⁷
1112 1730 1399 1805 proxime

130 1827 342 1869 tamen
367 1811 444 1869 ab
473 1831 546 1868 ea
575 1810 787 1868 abesse
810 1809 1128 1881 videntur,
1175 1824 1401 1888 utpote,

131 1917 295 1978 quae
332 1895 700 1976 plerumque
747 1916 889 1954 cum
951 1893 1400 1952 valetudinaria

131 1978 380 2062 praeter
406 1995 694 2036 naturam
731 1977 1064 2037 affectione
1106 1980 1403 2053 conjunc-

132 2075 236 2124 tae
262 2069 399 2124 sint.
489 2060 717 2120 Refero
743 2062 866 2122 huc
900 2084 992 2121 ex.
1022 2085 1107 2143 gr.
1126 2060 1400 2142 peculia-

135 2170 271 2208 rem
324 2147 719 2229 quorundam
765 2147 1138 2205 animalium*
1171 2143 1402 2203 albedi-

138 2255 303 2306 nem,
347 2253 533 2313 quam
577 2230 828 2312 quidem
867 2236 1105 2312 sapiens
1143 2229 1402 2291 Verula-

139 2323 296 2378 mius
313 2316 555 2397 pridem
575 2315 1009 2377 imbecillitatis
1041 2315 1321 2377 colorem
1341 2322 1399 2382 ιζ)

1196 2396 1403 2480 appel-

212 2513 280 2580 ν)
315 2510 443 2566 “the
477 2510 628 2564 colour
655 2512 721 2579 of
740 2511 942 2577 defict.”
