1721 3041
272 281 398 351 504
484 278 705 339 SEcrio
743 277 848 337 IV.
896 298 1144 349 GENEms
1185 300 1338 337 HUM.

269 469 354 507 se.
445 450 650 507 Primo
686 452 853 507 enim
890 446 1036 509 loco
1073 469 1212 507 eam
1253 451 1550 508 venustis-

267 539 485 591 simam
512 550 581 591 ut
608 533 868 592 vidimus
910 537 940 607 (
956 530 1013 612 §.
1041 534 1177 608 62.)
1211 537 1402 592 cranii
1426 532 1551 592 for-

266 639 435 675 mam
469 640 620 698 prae
655 639 721 677 se
749 617 869 677 fert
898 623 1014 677 ista
1039 623 1254 699 stirps,
1300 639 1377 676 ex
1407 640 1550 699 qua,

267 717 567 785 tanquam
598 724 676 762 ex
700 702 1072 784 figuratione
1102 703 1308 762 media
1335 719 1398 761 et
1429 707 1553 783 pri-

266 791 558 868 migenia,
607 787 887 870 reliquae
916 792 1212 869 utrinque
1244 809 1444 869 usque
1471 786 1554 846 ad.

261 870 482 929 ultima
530 873 677 931 bina
724 879 1006 929 extrema
1065 874 1260 943 (hinc
1315 873 1552 931 scilicet

270 955 733 1036 Moiigolicum,
780 953 950 1012 illinc
978 969 1204 1012 contra
1232 955 1552 1036 Aethiopi-

265 1042 433 1114 cum>
460 1038 907 1121 simplicissima
938 1037 1307 1120 gradatione
1327 1039 1546 1100 fluunt.

383 1203 551 1258 Tum
579 1221 729 1259 vero
768 1199 991 1260 eadem
1018 1198 1164 1259 albo
1195 1200 1412 1261 colore
1438 1218 1547 1276 est,

262 1307 453 1368 quem
507 1286 725 1345 itidem
771 1308 886 1367 pro
938 1290 1250 1367 primitivo
1306 1291 1549 1367 generis

255 1370 517 1430 humani
553 1372 787 1431 habere
823 1371 990 1447 licet,
1042 1393 1186 1432 cum
1215 1392 1292 1430 ex
1325 1393 1423 1444 e0,
1478 1387 1548 1429 ut

257 1478 446 1538 supra
523 1461 920 1538 exposuimus
990 1455 1094 1534 (ξ.
1142 1457 1280 1530 45.)
1352 1454 1547 1515 facilis

257 1545 324 1599 in
352 1540 595 1599 fuscum
622 1542 1024 1621 degeneratio
1057 1544 1162 1611 sit,
1209 1539 1399 1620 longe
1433 1538 1546 1598 dif-

256 1623 481 1683 ficilior
535 1641 756 1683 contra
823 1645 901 1682 ex
969 1622 1178 1695 susem
1242 1623 1544 1705 (quando

258 1729 491 1790 nempe
514 1708 694 1787 hujus
721 1705 1024 1790 pigmenti
1053 1707 1428 1768 carbonacei
1451 1729 1545 1768 se-

257 1799 456 1854 cretio
529 1810 592 1852 et
647 1798 1078 1876 praecipitatio
1142 1790 1235 1872 (g.
1286 1799 1412 1869 44.)
1451 1815 1543 1854 se-

255 1879 382 1938 mel
412 1884 758 1940 inveterata
785 1879 1023 1940 radices
1058 1881 1260 1963 egit,)
1304 1882 1369 1938 in
1402 1901 1542 1940 can-

189 1992 198 1995 ⁷,
256 1963 496 2026 didum.

769 2131 831 2211 3.
921 2136 1022 2193 86.

296 2255 383 2336 Β)
435 2261 747 2321 Variecas
803 2261 961 2321 Mo
998 2282 1123 2342 ng
1157 2283 1195 2319 o
1233 2261 1262 2319 l
1300 2264 1327 2318 z·
1360 2284 1395 2320 c
1427 2284 1536 2322 a..

379 2397 619 2458 Eadem
678 2420 867 2482 quam
934 2397 1258 2481 quondam
1312 2399 1535 2481 vulgO,

253 2483 366 2545 sed
397 2484 690 2564 ambiguo
736 2500 800 2546 et
835 2505 992 2567 vago
1027 2505 1242 2561 sensn,
1297 2487 1538 2545 Tatari-

1397 2590 1533 2630 cam
