1721 3041
351 268 464 325 128
508 263 725 326 SEGT-io
753 263 853 319 III.
882 284 963 320 ΒΕ
998 281 1241 324 GENEms
1278 287 1432 324 HUM.

342 439 504 494 inter
534 431 1174 514 antiquissimas-orbis
1202 448 1415 513 gentes
1447 430 1602 491 refe-

342 517 521 578 rendi
550 520 644 586 d).
735 519 899 576 Hinc
926 538 1057 576 non
1076 521 1306 597 mirum
1339 515 1602 576 ‘eosdem

342 622 600 685 quoque
632 601 895 661 eandem
931 601 1396 683 dispositionem
1435 617 1602 682 post-

340 709 532 770 quam
564 691 630 745 in
661 690 902 767 proavis
935 709 970 744 a
1002 690 1417 746 remotissimis
1453 685 1602 746 inde
1633 741 1636 744 ,

339 769 758 853 aboriginibus
797 787 924 829 tam
963 771 1114 831 altas
1158 787 1220 830 et
1261 776 1602 830 aeviternas

313 923 316 928 ,
339 872 553 938 egerat
572 854 827 928 radices,
875 859 1062 913 etiam
1091 854 1294 936 alieno
1322 855 1436 914 sub
1461 875 1601 915 coe-

338 941 402 1000 lo
432 946 497 999 in
525 943 836 1021 proximas
869 940 1299 1019 generationes
1343 943 1603 998 inteme-

338 1042 537 1084 ratam
580 1043 944 1104 propagare.
1041 1023 1138 1082 Ab
1173 1021 1366 1083 altera
1387 1040 1602 1083 ‘autem

335 1125 513 1191 parte
556 1129 634 1166 ex
677 1106 897 1166 eadem
943 1105 1188 1164 habitus
1239 1105 1602 1188 aethiopum

335 1196 674 1253 tenacitate
717 1206 779 1250 et
814 1192 1160 1249 constantia
1196 1188 1352 1248 illud
1399 1195 1602 1272 ipsum

335 1298 414 1338 eo
457 1275 831 1336 luculentius
869 1290 1085 1354 patere
1124 1274 1398 1348 videtur,
1443 1274 1602 1335 scili·

338 1378 439 1423 cet
481 1382 613 1420 non
666 1363 781 1418 nisi
828 1379 942 1440 per
987 1358 1204 1434 longas
1253 1364 1601 1439 generatio-

334 1469 487 1507 num
513 1449 697 1505 series
727 1443 998 1502 eundem
1035 1441 1319 1502 contrahi
1364 1448 1598 1524 potuis-

331 1553 418 1605 se,
460 1529 747 1611 adeoque
779 1544 998 1588 contra
1024 1543 1310 1585 naturam
1335 1531 1597 1589 miracu-

332 1615 405 1676 lis
429 1612 897 1673 annumeranda
928 1615 977 1669 si
1008 1632 1153 1670 vera
1182 1628 1385 1669 essent
1434 1632 1598 1692 quae

318 1702 555 1782 'passim
571 1697 764 1756 relata
783 1695 1060 1777 legimus,
1089 1695 1462 1760 colonorum
1477 1699 1594 1754 Lus

331 1789 693 1856 sitanorum‚
739 1802 860 1841 sec.
902 1782 1015 1839 15t⁰
1048 1786 1114 1840 in
1149 1782 1594 1861 Guineamxmi-

331 1886 649 1951 gratorum
676 1913 690 1940 ,
770 1865 1110 1925 hodiernos
1160 1876 1420 1947 nepotes
1466 1882 1592 1924 tam

329 1953 502 2014 brevi
525 1955 647 2033 jam
671 1972 1018 2033 paucorum
1030 1951 1384 2012 seculorum
1405 1956 1591 2010 inter-

1425 2034 1587 2093 vallo

399 2149 458 2212 ol)
494 2145 688 2209 adeant,
726 2160 935 2210 quorum
979 2145 1204 2203 interest,
1253 2161 1398 2211 opera
1440 2145 1588 2193 trium

466 2218 684 2265 virorum
717 2214 1129 2262 doctissimorum:
1169 2217 1263 2273 Jac.
1290 2218 1464 2270 Bryant
1482 2230 1586 2262 new

464 2282 650 2352 System
676 2283 736 2344 of
750 2285 935 2330 ancient
970 2279 1261 2349 mythology,
1298 2283 1366 2330 T.
1400 2285 1438 2331 Ι.

545 2355 640 2412 jac.
675 2354 824 2400 Bruce
853 2351 1018 2398 Reisen
1050 2367 1140 2398 zur
1165 2348 1471 2416 En'coleckung
1499 2348 1584 2397 der

465 2417 657 2484 Quellen
692 2419 770 2468 des
800 2416 927 2466 Nils.
972 2419 1039 2466 T.
1071 2421 1107 2466 1.

550 2500 596 2535 et
615 2485 743 2538 Guil.
771 2490 912 2546 Jones
937 2485 1288 2534 dissertationes
1305 2487 1354 2535 in
1371 2482 1580 2535 Asiatick

463 2553 737 2606 Researclzes
774 2557 841 2604 T.
866 2557 927 2605 11.
960 2565 1005 2603 et
1029 2557 1111 2603 ΙΙΙ.
