1721 3041
256 300 680 341 DEGENERANDI
722 300 782 335 nx:
827 299 1184 338 UNIVERSUM.
1276 284 1355 360 67

92 468 186 513 est
213 468 284 510 ut
313 471 391 510 ex
418 455 579 509 notis
608 447 880 507 fontibus
930 447 1361 529 degeneratio-

93 542 185 597 nis
228 540 351 613 (sit
394 537 572 596 venia
607 533 853 608 verbo)
909 533 1204 614 explicari
1257 554 1363 594 ne-

92 638 300 704 queat.

220 748 537 807 Hactenus
601 744 793 818 bene,
879 748 950 803 in
1026 744 1364 804 abstracto

91 832 265 914 quod
290 847 537 892 vocant.
886 844 890 845 ’

214 962 352 1018 Jam
402 980 552 1020 vero
603 956 991 1018 characteres
1066 956 1366 1018 exhibere

92 1043 317 1126 quibus
345 1047 414 1102 z‘n
445 1049 587 1126 ipsa
617 1067 833 1101 rerum
875 1060 1128 1103 natura
1163 1062 1365 1103 meras

91 1133 418 1187 varietates
450 1143 514 1185 et
539 1132 834 1205 genuinas
861 1131 1100 1205 species
1146 1128 1224 1186 ab
1276 1132 1368 1185 in·-

91 1207 296 1272 'vicem
365 1209 744 1289 distinguere
810 1213 1146 1288 possimus,
1241 1211 1368 1270 hoc

90 1316 268 1377 OPUS,
314 1293 416 1351 hic
452 1291 650 1350 labor.

216 1419 401 1476 Raius
454 1415 740 1497 quidem,
820 1421 912 1476 vir
968 1418 1365 1493 immortaliS,

90 1506 428 1587 praeterito
466 1504 589 1580 jam
625 1499 871 1577 seculo,
920 1503 1212 1586 adeoque
1260 1503 1368 1563 diu

90 1605 238 1648 ante
269 1585 1090 1671 Buffoniumssea'animantia
1118 1588 1199 1647 ad
1223 1609 1368 1648 ean-

90 1672 240 1733 dem
299 1675 571 1752 speciem
639 1669 970 1732 referenda
1030 1695 1164 1734 esse
1225 1695 1366 1733 cen-

92 1761 232 1830 suit,
280 1776 440 1838 quae
469 1759 734 1830 invicem
764 1763 991 1815 coeant
1020 1774 1082 1816 et
1106 1757 1366 1818 foecun·
1443 1835 1447 1838 ἡ

93 1842 239 1901 dam
268 1839 513 1922 prolem
544 1843 814 1921 gignant.

224 1969 385 2026 Cum
418 1987 569 2026 vero
602 1970 667 2025 in
699 1965 1052 2028 domesticis
1092 1971 1365 2028 animan-

92 2053 455 2133 tibus·quae
488 2050 682 2111 homo
715 2050 830 2110 sibi
857 2052 1103 2136 subegit
1133 2053 1216 2112 ob
1262 2076 1367 2114 co-

96 2155 308 2199 actum
345 2135 518 2217 quod
558 2150 749 2217 agunt
782 2140 945 2198 vitae
990 2159 1215 2220 genus,
1262 2161 1367 2198 an·

97 2244 243 2303 ceps
278 2221 562 2280 videatur
591 2237 653 2279 et
686 2220 908 2282 dubius
953 2227 1069 2283 iste
1118 2223 1367 2284 charac-

95 2325 210 2379 ter,
243 2310 496 2364 ineunte
521 2307 643 2388 jam
670 2307 842 2388 quod
873 2312 1106 2388 agimus
1130 2309 1363 2382 secu10,

97 2394 475 2451 acutissimus
503 2388 550 2448 F
552 2391 711 2450 risch
743 2412 888 2449 eum
920 2394 1209 2454 unice-ad
1233 2393 1364 2451 fera

99 2480 433 2536 animantia
471 2479 798 2553 restrinxit,
848 2497 1046 2560 eaque
1089 2477 1367 2538 eiusdem

650 2561 702 2620 E
748 2583 782 2618 2
1233 2580 1365 2621 esse
