1721 3041
309 320 731 364 DEGENERANDI
776 322 839 359 m
877 314 1230 363 UNIVERSU'M.
1323 304 1409 386 99'

146 487 212 532 et
240 471 543 544 diuturna,
574 491 811 552 perque
842 469 1132 551 plurimas
1149 493 1402 554 genera*

145 562 388 615 tionum
412 560 594 615 series
627 561 1002 629 continuata,
1021 563 1264 616 actione
1280 562 1401 638 pri-

142 645 479 721 migenium
506 640 860 698 animalium
888 639 1308 700 characterem
1336 653 1400 700 et

137 724 419 783 habitum
469 728 691 783 sensim
727 722 1148 805 paulatimque
1184 730 1402 784 immu—

136 823 272 868 tare
312 827 373 868 et
397 814 717 870 varietates
742 807 1093 889 producere
1115 808 1340 869 valent.

192 1006 196 1007 ff
261 977 456 1036 Aliter
482 1000 630 1037 vero
666 997 731 1036 se
764 998 857 1036 res
891 973 1080 1037 habet
1107 995 1169 1037 et
1198 978 1404 1059 proxi-

137 1082 278 1119 mae
306 1064 428 1138 jam
453 1066 777 1140 progeniei
815 1084 1008 1120 novus
1054 1067 1404 1143 impertitur

143 1144 491 1213 character,
562 1143 813 1222 quando
873 1145 1147 1208 diversae
1195 1147 1402 1222 hujus-

140 1225 314 1285 modi
360 1230 714 1297 varietateS‚
763 1246 798 1283 e
837 1231 1056 1286 caussis
1084 1233 1229 1286 <istis
1268 1246 1402 1287 tan-

143 1310 287 1368 dem
304 1325 491 1379 ortae,
510 1312 773 1365 invicem
800 1308 1022 1388 copula
1042 1311 1401 1390 junguntur,

142 1413 304 1474 quae
346 1390 644 1468 hybridae
680 1391 845 1471 proli
878 1409 1082 1450 ortum
1119 1395 1400 1473 praebet,

143 1481 351 1536 neutri
377 1491 705 1557 parentum
739 1480 803 1534 in
833 1493 1035 1535 totum
1059 1477 1254 1553 simili,
1289 1480 1398 1538 sed

141 1565 462 1641 utriusque
487 1558 723 1620 formae
755 1566 1054 1642 participi,
1101 1579 1164 1621 et
1207 1564 1402 1623 medi-

140 1667 243 1704 am
273 1650 444 1726 quasi
468 1649 629 1705 inter
658 1661 984 1726 utramque
1021 1667 1170 1728 prae
1195 1653 1274 1708 ‘se
1312 1647 1401 1709 fe-

141 1745 321 1788 renti.

268 1892 471 1977 Vulgo
504 1895 756 1978 quidem
793 1891 1054 1973 hybrida
1097 1914 1400 1958 vocantur

143 2001 221 2042 ex
252 1981 607 2061 parentibus
642 1980 914 2039 diversae
941 1981 1125 2061 plane
1171 1988 1402 2064 speciei

143 2065 438 2139 oriunda,
485 2080 552 2123 ut
601 2064 752 2122 muli
791 2065 867 2122 ab
913 2086 1073 2146 equa
1112 2073 1400 2151 ex5asino

141 2154 464 2232 prognati,
510 2165 616 2206 aut
658 2148 930 2208 aniculae
969 2170 1046 2208 ex
1098 2148 1402 2230 fringillae

146 2238 429 2302 Canariae
466 2232 688 2314 copula
731 2255 873 2292 cum
920 2235 1262 2294 cannabina
1302 2259 1400 2297 or-

144 2334 249 2377 tae
286 2334 402 2376 etc,
491 2320 591 2376 De
615 2317 703 2376 his
733 2338 880 2376 vero
926 2319 1026 2377 hic
1061 2318 1186 2378 loci
1219 2322 1399 2380 nobis

145 2401 348 2463 sermo
375 2423 503 2460 non
533 2418 639 2476 est,
688 2417 907 2482 utpote
938 2402 1157 2484 quibus
1192 2409 1256 2462 in
1286 2406 1398 2462 hu-

148 2491 315 2546 mani
348 2490 583 2567 generis
626 2487 1018 2550 varietatibus
1056 2487 1259 2551 nullus
1299 2489 1404 2546 da-

734 2571 790 2631 G
836 2594 873 2630 2
1300 2587 1400 2632 tur
1422 2576 1436 2581 ’
