1721 3041
607 233 625 260 Ι

228 305 318 343 '12
502 279 719 340 SEGTlo
764 282 809 339 Ι.
867 303 945 341 :DE
989 301 1242 343 Homxms

235 456 373 533 tigit
413 451 494 510 ad
526 453 721 511 latera
755 457 929 535 quasi
967 472 1352 535 compressus
1397 475 1504 513 an·

234 552 508 596 trorsum
531 560 680 597 vero
721 542 1045 612 carinatus,
1090 555 1153 597 et
1193 538 1503 599 claviculis

233 622 658 681 destituuntur
674 641 743 682 ut
761 624 951 704 pedes
967 644 1044 682 ex
1057 640 1329 705 utroque
1352 623 1504 683 late-

232 728 302 764 re
334 712 533 788 aptius
559 713 825 768 invicem
865 730 1266 789 convergere7
1314 708 1504 766 adeo-

198 800 205 803 ”
232 812 357 872 que
385 798 663 873 corporis
688 793 936 874 pondus
965 792 1201 852 facilius
1231 810 1297 852 et
1318 792 1505 850 firmi-

229 896 302 935 us
335 882 637 936 sustinere
671 895 921 959 queant.
995 881 1328 937 Praeterea
1354 899 1504 959 qua-

188 981 195 988 ·
227 961 615 1042 drupedibus
643 980 749 1021 aut
779 964 1022 1046 longius
1051 980 1347 1036 sternmn,
1396 978 1506 1020 aut

229 1051 431 1105 maior
492 1064 809 1107 costarum
880 1069 1175 1108 numerus
1245 1051 1503 1127 propius

228 1149 438 1190 versus
470 1137 679 1191 cristas
700 1133 805 1190 ilei
823 1131 1340 1191 descendentium
1356 1152 1505 1188 co-n-

229 1237 403 1274 cessa
454 1231 629 1288 sunt,
708 1216 789 1273 ad
830 1213 1234 1274 sustentanda
1275 1218 1342 1271 in
1383 1218 1506 1272 situ

226 1301 437 1357 trunci
471 1300 848 1358 horizontali
872 1305 1108 1360 viscera
1139 1296 1505 1356 abdomina-

225 1382 332 1442 lia.
403 1385 584 1459 Quae
615 1405 765 1443 vero
803 1389 1013 1443 omnia
1036 1387 1101 1442 in
1128 1383 1385 1441 homine
1414 1384 1504 1442 bi·-

226 1467 393 1549 pede
425 1464 603 1527 aliter
636 1489 700 1527 se
735 1469 990 1528 habent.
1091 1467 1350 1526 Thorax
1389 1473 1504 1548 ipsi

226 1557 419 1633 :magis
491 1553 949 1634 complanatus,
1020 1553 1265 1611 humeri
1321 1553 1504 1612 clavi-

227 1637 512 1696 cularum
585 1639 893 1720 repagulis
962 1638 1086 1697 late
1164 1637 1500 1711 divaricati,

223 1740 507 1781 aternum
575 1723 795 1796 breve,
877 1723 1193 1782 abdomen
1263 1727 1504 1781 maiore

227 1830 418 1888 quam
449 1811 515 1864 in
540 1811 610 1865 iis
636 1830 799 1888 quae
835 1808 1098 1867 diximus
1138 1807 1504 1867 animalibus

224 1897 415 1951 osseis
442 1890 651 1951 fulcris
693 1893 1058 1952 destitutum
1085 1909 1148 1950 et
1172 1914 1333 1973 quae
1358 1909 1502 1952 sunt

224 1977 292 2035 id
318 1998 510 2056 genus
532 1977 668 2048 alia,
703 1999 864 2057 quae
889 1982 1206 2036 neminem
1231 1978 1329 2036 vel
1351 2001 1504 2057 pau-

186 2121 187 2124 ,
227 2083 302 2120 ca
337 2059 846 2141 quadrupedum,
904 2065 1268 2141 praesertim
1303 2062 1502 2143 longi-

224 2144 481 2227 pedum‚
529 2145 761 2204 sceleta
800 2167 943 2203 cum
985 2145 1261 2202 humano
1304 2161 1501 2203 atten-

225 2235 346 2288 tius
396 2246 867 2310 comparantem
911 2227 1128 2310 fugere
1177 2246 1497 2310 poterunt,

225 2331 450 2394 utpote
481 2336 641 2395 quae
673 2319 882 2374 omnia
922 2330 1271 2373 monstrant
1310 2339 1501 2397 quam

225 2403 441 2479 inepta
475 2399 740 2459 hominis
787 2398 1021 2459 sablica
1059 2399 1138 2457 ad
1188 2404 1500 2460 incessum
1540 2472 1543 2474 μ

226 2483 708 2570 quadrupedum
748 2489 854 2562 sit,
911 2490 1019 2571 qui
1056 2488 1172 2566 ipsi
1210 2508 1344 2545 non
1384 2491 1499 2545 nisi

1302 2574 1499 2633 incel-
