1721 3041
158 306 193 343 A
222 301 456 342 CETEms
484 295 850 337 AMMALmth'
870 301 1273 339 mFFERENTrA.
1329 282 1402 343 25

267 452 429 508 Artis
460 469 608 506 vero
647 464 710 506 et
743 448 1101 528 disciplinae
1133 435 1290 528 o'pus
1318 471 1406 509 es-

142 556 208 595 se
239 534 462 617 quodsi
491 533 875 616 quandoque
906 539 1116 593 simiae
1159 551 1408 595 erectae

138 619 500 681 incedentes
559 623 723 676 visae
782 636 957 691 sunt,
985 684 987 686 ,
1017 620 1262 678 monitu
1308 625 1408 679 vix

138 727 293 786 opus
329 721 453 777 est,
503 725 645 762 cum
677 703 776 763 vel
817 724 895 762 ex
940 710 1162 763 curatis
1198 705 1278 765 ad
1324 712 1408 765 vi-

134 789 633 848 vumxdelineatis
677 789 962 848 iconibus
1005 794 1215 848 simiae
1253 809 1410 867 saty-

135 879 190 932 ri
227 882 303 956 p)
348 890 626 955 patescat
652 867 849 957 'quam
896 875 1301 933 incommoda
1348 891 1409 933 et

138 976 358 1026 contra
422 976 683 1017 naturae
759 959 1045 1017 ordinem
1118 958 1436 1031 affectata„

137 1044 442 1102 eiusmodi
485 1049 763 1124 positura
806 1048 910 1117 sit,
959 1067 1082 1126 qua
1125 1046 1413 1103 manibus

138 1129 552 1187 anterioribus
590 1128 817 1184 baculo
863 1134 1176 1201 innititur,
1223 1134 1412 1211 posti-

139 1216 221 1271 cis
254 1215 501 1268 interim
536 1214 748 1288 inepto
788 1210 981 1268 modo
1024 1216 1086 1273 in
1127 1235 1411 1292 pugnum

137 1292 518 1373 complicatis
540 1299 627 1373 q).
660 1295 717 1349 N
723 1314 883 1374 eque
901 1316 1179 1374 unquam
1194 1302 1410 1356 simiae

135 1395 242 1437 aut
271 1377 421 1436 alius
450 1393 697 1457 praeter
720 1376 1042 1434 hominem
1083 1384 1411 1440 animantis

133 1462 474 1522 mammalis
521 1461 876 1542 exemplum
914 1463 1064 1520 mihi
1113 1468 1407 1541 innotuit,

138 1548 331 1630 quod,
379 1564 448 1605 ut
474 1547 593 1621 hic,
644 1564 886 1607 erectus
928 1548 1251 1607 alterutro
1282 1571 1410 1631 'pe-

135 1634 215 1693 de
279 1637 589 1707 insistens,
666 1632 1104 1715 aequilibrium
1162 1655 1411 1696 servare

133 1736 342 1804 possit.

262 1845 441 1900 Patet
466 1842 612 1901 hinc
641 1859 940 1901 staturam
975 1859 1273 1917 erectam,
1316 1851 1426 1904 uti.

133 1931 370 1988 homini
393 1944 612 1985 natura
639 1950 749 1986 sua
775 1949 919 1988 vere
956 1934 1291 1988 convenire
1322 1934 1409 1987 vi-
1488 1920 1497 1939 ⁸

134 2014 364 2085 dimus,
443 2017 525 2069 ita
586 2029 648 2070 et
694 2017 808 2093 ipsi
854 2017 1194 2094 propriam
1270 2035 1403 2074 esse

139 2096 235 2178 (S.
272 2099 394 2174 4.).
484 2097 807 2179 Siquidem

208 2244 267 2308 p)
305 2241 414 2288 vide
438 2244 498 2288 sis
532 2261 578 2295 v,
596 2260 634 2291 c.
662 2241 718 2296 cl,
738 2249 970 2293 Vosmaer
986 2246 1403 2312 monographiam.

203 2318 258 2377 q)
298 2311 458 2357 Minus
485 2311 612 2358 re&e
645 2329 760 2373 ergo
794 2316 1030 2360 Linnaeus
1055 2319 1257 2363 asseruit
1287 2317 1408 2364 “da-

273 2379 355 2436 „ri
383 2379 546 2425 simias
571 2379 716 2445 ςνεὲἶο
733 2381 916 2446 corpore
939 2379 1061 2430 binis
1087 2399 1226 2447 aeque
1249 2400 1305 2432 ac
1324 2383 1404 2432 ho·

270 2460 380 2502 „mo
414 2446 602 2509 pedibus
633 2447 905 2506 incedentes,
941 2461 986 2496 et
1008 2448 1176 2514 pedum
1215 2464 1259 2498 et
1307 2467 1405 2498 ma-

274 2528 452 2588 „nuum
512 2516 771 2601 ,rszinisterio
832 2517 1093 2569 hennanam
1158 2518 1406 2584 reftrentes

269 2596 505 2647 „spectem
