1721 3041
356 264 860 310 DEGENERAUONE
892 264 957 304 IN
971 255 1196 304 specus.
1297 271 1319 304 1
1334 243 1368 306 5
1382 271 1404 305 1

125 421 249 480 tica
305 420 441 478 viva
498 415 586 475 ibi
658 419 771 490 (in
825 415 1081 477 aedibus
1130 416 1405 474 Emeter-

129 505 386 586 chcmge
410 502 622 575 dictis)
655 501 993 582 spectanda
1029 516 1093 561 et
1136 500 1409 565 vendenf

123 589 207 646 da
246 587 514 648 exhibet.
605 585 984 645 Adolescens
1019 603 1152 646 erat
1168 583 1407 666 perfec-

119 689 187 730 te
233 689 366 732 ater
411 687 674 752 excepta
729 670 1078 730 abdominis
1140 675 1405 751 regione

117 755 457 816 umbilicali
483 773 546 815 et
573 759 983 837 epigastrica„
1001 771 1070 813 ut
1098 772 1160 814 et
1193 755 1404 814 media

115 846 439 923 utriusque
490 845 680 901 cruris
729 856 906 920 parte
960 861 1131 922 “quae
1197 861 1403 920 genua

123 947 269 985 cum
296 930 509 985 vicinis
536 924 787 984 femoris
817 942 879 983 et
918 925 1105 984 tibiae
1131 929 1400 1004 regioni-

119 1010 236 1070 bus
263 1027 549 1090 occupat,
594 1026 817 1090 utpote
845 1031 1005 1091 quae
1043 1008 1401 1068 candidissi-

118 1116 222 1153 ma
264 1111 328 1154 et
368 1094 500 1152 fere
554 1098 734 1152 nivea
796 1094 1085 1152 albedine
1134 1098 1403 1174 insignes

124 1196 330 1250 erant,
385 1183 555 1258 ipsae
594 1194 807 1236 tamen
859 1182 1089 1237 iterum
1144 1181 1404 1259 sparsim

123 1260 381 1321 maculis
427 1266 648 1340 nigri3‚
713 1262 1057 1339 pantherae
1101 1267 1276 1342 quasi
1322 1260 1405 1319 ad

126 1341 626 1416 similitudinem}
673 1343 1017 1404 distinctae.
1070 1401 1073 1403 .
1127 1344 1401 1425 Capillus

119 1434 235 1511 ipsi
274 1428 491 1488 itidem
536 1422 799 1489 bicolor.
913 1429 1123 1489 Media
1171 1449 1404 1509 nempe

124 1518 254 1593 ejus
285 1512 638 1595 sincipitalis
666 1537 807 1595 pars
848 1537 885 1573 a
918 1519 1152 1575 vertice
1191 1535 1403 1573 versus

121 1598 398 1659 frontem
424 1603 489 1658 in
516 1615 769 1658 acutum
809 1600 1106 1680 angulum
1145 1599 1404 1659 descen-

124 1685 278 1743 dens
306 1683 463 1755 alba,
511 1705 642 1741 non
690 1700 902 1742 tamen
941 1701 1011 1742 ut
1056 1689 1210 1743 cutis
1250 1706 1405 1764 quas

128 1768 392 1826 diximus
419 1771 724 1847 regiones,
782 1772 962 1825 nivea
1007 1767 1117 1825 sed
1166 1766 1405 1847 pauxil-

125 1853 256 1911 lum
285 1857 492 1932 potius
535 1851 1006 1911 subflavescens.
1101 1854 1403 1911 Ceterum

124 1954 197 1996 ut
230 1936 454 2017 reliqui
483 1940 697 2008 crines,
747 1957 866 1994 ceu
901 1941 966 1994 in
987 1935 1402 2017 Aethiopibus

125 2021 315 2102 vulgo
359 2019 592 2092 solent,
642 2025 850 2099 crispi:
912 2043 1101 2102 quam
1147 2020 1405 2102 quidem

127 2104 594 2186 crispitudinem
609 2110 926 2185 specimen
954 2110 1274 2187 utriusque
1303 2124 1406 2163 co·-

122 2191 272 2249 loris
318 2187 590 2270 pilorum
631 2188 806 2271 quod
856 2190 932 2247 ab
968 2195 1101 2270 ipso
1147 2189 1404 2261 redemi,

129 2274 449 2354 hodieque
474 2290 615 2353 post
643 2274 964 2332 biennium
1009 2274 1215 2335 adhuc
1249 2279 1407 2332 inte-

132 2374 436 2439 meratam
473 2376 710 2419 servat.·
793 2361 1105 2419 Picturam
1145 2377 1405 2442 quoque

129 2445 396 2504 hominis
434 2443 636 2519 retuli,
681 2465 806 2525 qua
833 2444 1061 2506 collata
1093 2467 1237 2506 cum
1276 2441 1407 2501 aliis

706 2530 785 2585 K.
810 2537 847 2598 4
1195 2530 1403 2600 terniS,
