1721 3041
465 345 689 389 sPEom‘s
709 347 713 351 ·
733 348 930 391 UNch.
1216 322 1340 387 285

69 503 119 561 si
141 500 254 560 sub
284 499 480 560 oculis
522 503 746 558 nostris
792 501 1114 580 contingat
1156 510 1218 556 et
1263 515 1342 556 ex

67 584 403 645 manifestis
438 584 936 666 degenerationis
977 587 1200 643 caussis
1243 603 1342 640 or·-

70 687 203 728 tum
229 670 416 730 ducat
433 693 448 742 ;
491 674 577 728 ita
605 669 682 728 ab
713 668 905 726 altera
939 668 1139 750 (quod
1163 687 1343 748 supe-

67 759 236 814 riore
272 756 564 814 Sectione
608 757 960 834 expositum
1002 763 1124 829 est)
1170 750 1346 809 nulla

69 860 285 898 earum
314 844 534 914 existit,
579 843 730 898 sitve
750 837 997 910 coloriS‚
1043 842 1195 895 sitve
1214 834 1346 895 vul-

70 940 182 997 ωε,
228 941 502 984 staturae
535 938 653 980 etc.
690 937 815 978 tam
839 920 1160 1001 singularis
1193 924 1347 1001 quin

68 1029 213 1067 cum
241 1007 369 1066 aliis
396 1006 675 1084 ejusdem
709 1004 960 1089 ordinis,
1007 1003 1346 1064 insensibili

66 1097 328 1151 transitu
382 1095 469 1149 ita
504 1089 806 1155 ‚confluat
852 1105 923 1147 ut
970 1111 1184 1148 omnes
1244 1108 1349 1146 eas

67 1199 201 1236 non
227 1180 341 1234 nisi
363 1175 644 1233 relativas
683 1194 847 1246 esse,
887 1195 1020 1232 non
1059 1178 1175 1233 nisi
1215 1180 1386 1253 gra-'⁸

71 1262 158 1320 du
183 1261 260 1322 ab
285 1262 553 1320 invicem
584 1256 855 1334 differre,
883 1275 1097 1341 aperte
1112 1275 1348 1341 pateat.

198 1431 362 1489 Hinc
396 1444 460 1488 et
508 1447 640 1490 non
674 1433 902 1490 mirum
937 1436 1004 1492 in
1045 1431 1153 1491 tali
1202 1451 1352 1490 con-

70 1513 245 1574 fluxu
268 1537 401 1572 non
426 1519 541 1573 nisi
566 1515 953 1575 arbitrariam
986 1517 1354 1575 divisionem

73 1615 137 1658 et
193 1603 595 1680 partitionem
654 1604 911 1661 istarum
979 1606 1352 1663 varietatum

75 1684 297 1744 locum*
321 1682 574 1744 habere.

585 1918 645 2000 g.
735 1926 837 1984 81.
883 1868 886 1871 “

80 2052 343 2132 Quina&
370 2054 733 2123 (varietates
755 2056 1082 2135 principes
1095 2059 1352 2136 generis

338 2135 619 2194 humani
661 2142 1078 2199 constitutae.

203 2280 364 2338 Cum
413 2295 623 2340 tamen
679 2297 743 2341 et
792 2285 956 2342 inter
999 2284 1352 2345 arbitrariae

80 2364 385 2440 ejusmodi
417 2369 823 2445 partitionum
857 2373 1130 2429 rationes
1159 2370 1356 2429 altera

80 2447 260 2508 alteri
303 2453 522 2532 utique
581 2468 894 2532 praestare
954 2453 1219 2515 dicenda
1289 2471 1355 2514 et

81 2531 493 2612 praeferenda
515 2539 625 2611 sit,
674 2538 960 2602 omnibus
1004 2539 1112 2600 diu
1152 2555 1215 2598 et
1249 2560 1356 2598 cu-

1216 2640 1352 2683 rate
