1721 3041
246 312 374 380 514
458 308 678 370 SEcno
716 308 820 371 IV.
865 330 1112 373 GENEms
1149 332 1304 374 HUM.
1366 372 1370 374 ,

244 480 573 564 probabile
610 496 731 554 est3
814 485 1039 562 partim
1076 502 1305 564 nempe
1343 483 1517 565 'quod

242 566 414 649 apud
445 571 586 631 istas
633 563 956 627 Am'ericae
993 585 1206 649 gentes
1247 566 1518 631 feminae

243 652 545 734 quamdiu
610 669 1031 717 menstruatae
1101 670 1246 717 sunt
1261 679 1298 728 ‚1
1351 651 1519 712 felici

240 737 635 820 praejudicio·
669 759 784 819 pro
828 742 1143 798 venenatis
1201 742 1375 822 quasi
1411 738 1519 796 ha-

239 823 542 896 beantur,
581 840 644 882 et
691 845 728 881 a
753 823 969 882 sociali
999 829 1316 883 consortio
1349 844 1520 882 arce-

238 908 443 982 antur,
488 912 689 986 inque·
709 908 1150 967 remotioribus
1192 907 1518 986 tuguriolis

238 1013 276 1051 e
299 992 629 1049 hominum
666 1006 1010 1070 conspectu
1046 1005 1327 1048 remotae
1367 1006 1522 1049 tam-

236 1076 347 1134 diu
373 1073 663 1134 benefico
696 1078 838 1156 ipsis
891 1079 1021 1132 otio
1065 1072 1353 1133 fruantur
1391 1083 1518 1146 m);

235 1159 464 1242 partim
487 1181 636 1220 vero
674 1163 862 1223 etiam
891 1159 1210 1224 laudatam
1246 1164 1520 1240 ipsarum

239 1250 520 1327 emporis
586 1244 957 1304 munditiem
1036 1261 1099 1304 et
1164 1244 1519 1304 modestam

239 1353 493 1395 crurum
522 1331 885 1391 commissu}
890 1352 989 1388 am
1021 1351 1098 1388 eo
1129 1328 1416 1390 conferre
1447 1347 1518 1388 ut

235 1416 411 1474 nulla
447 1421 940 1476 catameniorum
980 1420 1233 1496 vestigia
1265 1419 1331 1474 in
1369 1436 1517 1474 ocu<

236 1501 331 1565 los
359 1507 712 1581 incurrant,
761 1516 1131 1565 annotatum
1135 1461 1255 1559 Dest
1291 1506 1384 1576 n),

362 1673 559 1751 Quod¹
589 1694 737 1734 vero
778 1671 1061 1737 colorem
1105 1672 1288 1751 hujus
1325 1677 1518 1736 varie·.

237 1762 376 1823 tatis
413 1776 751 1818 eutaneum
790 1763 1042 1831 attinet,
1092 1758 1168 1817 ab
1211 1780 1335 1817 una
1377 1778 1516 1840 par-¹

235 1861 300 1908 te
356 1866 543 1926 supra
595 1848 719 1924 jam
760 1849 1072 1907 monitum
1126 1861 1251 1918 est,
1316 1849 1518 1908 neuti-

234 1952 426 2010 quam
489 1951 634 1993 eum
695 1928 855 1990 adeo
925 1946 1317 1993 constantem
1383 1949 1516 1991 esse

235 2019 390 2096 quin
427 2031 490 2074 et
520 2021 738 2099 utique
773 2015 998 2095 pas‘sim
1036 2014 1120 2072 ad
1143 2013 1386 2074 fuscum
1421 2037 1520 2074 us-

237 2120 362 2179 que
404 2100 583 2158 ludat
638 2100 739 2178 (ξ.
767 2101 924 2168 43);
993 2100 1068 2155 ab
1122 2100 1315 2155 altera
1362 2119 1514 2156 vero

237 2182 419 2248 „facile
435 2198 569 2241 tum
587 2205 664 2244 ex
682 2184 939 2244 climatis
954 2182 1308 2245 Americani
1331 2187 1517 2241 ratio-

1325 2292 1328 2293 ’
1435 2290 1517 2331 HG

307 2411 387 2472 m)
425 2408 508 2457 cfr.
542 2427 588 2458 v.
624 2428 663 2458 c.
699 2398 906 2475 Sagard
960 2424 1136 2477 voyage
1176 2407 1240 2458 du
1279 2425 1399 2478 pays
1441 2411 1531 2460 oles·
1614 2413 1617 2426 ‘

380 2479 569 2526 Hurom
603 2495 711 2544 pag.
742 2486 829 2541 758
969 2517 972 2523 Δ

311 2546 370 2609 n)
410 2564 501 2593 van
537 2544 749 2594 Berkel’s
780 2549 950 2617 Reisegt
981 2544 1099 2597 nach,
1126 2547 1188 2598 R.
1231 2545 1313 2595 ole
1326 2544 1514 2601 Berbice

380 2614 479 2664 und
502 2613 722 2665 Surinam
753 2631 860 2683 pag.
885 2619 963 2682 46.
