1721 3041
360 293 785 333 DEGENERANDI
830 294 892 331 IN
915 294 1286 335 Umvnmvwz.
1376 276 1457 340 85

98 516 103 529 1
187 458 265 512 ⁴ut:
305 447 555 524 quaevis
575 442 832 523 planta,
891 443 1157 524 quodvis
1209 446 1454 520 animal,

194 531 287 585 sui
313 533 583 607 speciem
607 529 792 601 (sitve
811 528 933 586 hoc
953 528 1330 603 immediate,
1361 536 1461 589 sit-

191 631 266 669 ve
308 611 609 688 gradatim
654 616 997 673 successivo
1050 614 1314 672 aliorum
1358 620 1460 675 sti·-

182 696 502 754 mulorum
559 696 828 774 adventu
895 713 957 754 et
1019 699 1453 772 vicissitudine,

187 800 301 859 per
333 782 909 863 metamorphosin)
960 785 1026 840 in
1064 779 1268 840 foetus
1314 803 1458 841 suos

179 883 514 946 propaget.

310 971 570 1051 Triplex
603 966 813 1029 autem
831 970 1348 1030 maxime'modus
1365 984 1457 1027 est

187 1076 314 1135 quo
342 1060 506 1112 nisus
535 1055 894 1113 formativus
915 1078 949 1112 a
983 1073 1209 1113 statuta
1237 1055 1351 1113 sibi
1368 1053 1456 1110 di-

183 1142 465 1196 rectione
512 1153 574 1194 et
610 1158 830 1193 norma
865 1138 1199 1196 deflectere
1227 1152 1458 1217 potest.

188 1224 538 1278 Monstrosa
583 1219 818 1277 scilicet
857 1220 1126 1291 fabrica;·
1186 1238 1318 1278 tum
1349 1220 1458 1294 hy-

185 1304 364 1363 brida
378 1306 781 1383 generatione
809 1321 886 1359 ex
917 1302 1294 1360 diversarum
1319 1320 1457 1380 spe-

184 1393 419 1447 cierum
449 1385 726 1465 genitalis
753 1385 973 1466 liquidi
1011 1385 1291 1457 miscela3
1350 1383 1456 1444 de—

181 1477 372 1554 nique
429 1471 915 1552 degeneratione
980 1475 1046 1529 in
1105 1475 1452 1543 varietates,

179 1560 434 1638 proprie
467 1561 553 1616 sic
581 1555 793 1614 dictas.

306 1682 658 1748 Monstrosa
685 1680 936 1753 fabrica,
985 1704 1124 1762 qua,
1174 1685 1324 1739 sitve
1366 1684 1457 1738 ni-

180 1786 280 1824 sus
308 1762 615 1821 fcrmativi
643 1763 1000 1821 turbatione
1045 1779 1107 1820 et
1145 1768 1319 1843 quasi
1359 1783 1454 1821 er-

182 1869 344 1922 rore,
388 1851 538 1905 sitve
564 1851 748 1905 etiam
783 1868 927 1905 casu
954 1845 1214 1904 fortuito
1261 1862 1322 1904 et
1349 1846 1456 1903 ad-

181 1936 474 2003 ventitiO,
545 1947 613 1988 ut
656 1936 974 2011 pressione
1024 1947 1280 1988 externa
1327 1947 1446 1988 etc,

179 2021 398 2078 vitiosa
449 2013 633 2094 plane
687 2031 749 2073 et
802 2012 1094 2073 deformis
1144 2030 1453 2072 structura

183 2118 401 2164 contra
432 2115 717 2159 naturam
753 2098 1118 2181 corporibus
1146 2101 1453 2179 organicis

180 2185 528 2257 inducitur,
580 2188 645 2265 in
678 2188 988 2265 praesenti
1027 2182 1180 2241 nihil
1215 2181 1296 2241 ad
1335 2203 1451 2241 nos

183 2286 423 2330 attlnet.

306 2377 530 2456 Neque
582 2381 772 2457 magis
830 2374 1092 2452 hybrida
1146 2395 1224 2432 ex
1284 2387 1461 2432 com-¹

182 2464 492 2526 mixtione
525 2466 847 2542 geniturae
903 2459 1280 2521 diversarum
1322 2479 1453 2536 spe-

799 2545 845 2605 F
887 2545 927 2604 3
1331 2543 1452 2599 cie·-
