1721 3041
315 293 434 332 212
480 269 701 330 SEczmo
726 269 828 326 IH.
870 291 950 328 DE
989 289 1239 329 GENEms
1268 292 1426 332 HUM,

441 439 901 522 Deliquescunt
923 509 925 511 ¹
947 443 1248 499 continuo
1265 485 1280 514 ‚
1358 444 1473 500 etsi
1515 444 1610 500 in·

325 525 534 587 sensili
567 524 784 597 mod0‚
816 512 1126 584 eisesmenta
1161 530 1390 584 ossium
1421 543 1483 584 et
1513 547 1610 585 re-

325 611 692 683 sorbentur3
728 630 902 680 „nova
924 627 1143 669 contra
1178 633 1253 670 ex
1283 632 1606 692 purpureo

325 700 639 777 sanguinis
692 693 931 753 fluento
979 712 1222 755 secreta
1273 712 1335 754 et
1387 718 1611 755 eorum

328 781 474 840 loco
523 779 1056 860 depositavdenuo
1111 780 1494 842 solidescunt
1545 798 1611 841 et

323 869 628 946 jacturam
663 881 973 943 reparant.

455 987 782 1049 Perficitur
848 1005 999 1067 ergo
1053 993 1351 1050 continua
1414 990 1615 1053 hacce

332 1078 615 1137 materiei
662 1092 876 1131 osseae
915 1078 1379 1153 permutatione
1438 1077 1615 1159 quod

333 1164 455 1243 jam
482 1159 629 1219 inde
656 1181 690 1216 a
732 1161 933 1238 prima
967 1161 1197 1218 ossium
1234 1159 1616 1222 formatione

333 1247 703 1308 inchoatum
729 1259 839 1317 est,
886 1257 956 1301 ut
983 1265 1212 1327 nempe
1237 1249 1369 1328 ipsa
1401 1251 1616 1309 vicinis

329 1355 397 1393 se
429 1328 917 1392 accommodent
948 1331 1244 1409 partibu5‚
1296 1348 1357 1390 et
1400 1353 1616 1392 earum

333 1422 586 1478 actione
632 1414 1104 1496 quodammodo
1147 1415 1499 1500 formentur
1551 1434 1616 1477 et

336 1502 734 1583 effingantur.

462 1626 934 1686 Evidentissime
1037 1626 1400 1707 praesertim
1489 1623 1617 1687 hoc

334 1729 511 1799 patet
545 1717 610 1771 in
638 1715 852 1792 capitis
905 1716 1064 1769 ossei
1110 1727 1315 1770 aetate
1357 1732 1619 1791 provec-

337 1805 511 1861 tioris
566 1795 1083 1878 configuratione.
1208 1796 1393 1855 Tunc
1448 1801 1615 1856 enim

336 1884 500 1948 basis
537 1886 727 1943 cranii
750 1886 995 1971 interna
1023 1899 1314 1963 ectypum
1334 1886 1507 1963 quasi
1521 1904 1615 1941 re-

336 1964 459 2032 fert
485 1970 782 2028 loborum
822 1985 885 2026 et
918 1990 1211 2050 gyrorum
1245 1967 1486 2026 cerebri
1515 1971 1615 2026 cui

338 2057 703 2134 adaptatum
730 2070 890 2109 erat:
940 2057 1213 2111 exterior
1241 2071 1388 2108 vero
1423 2051 1613 2110 facies

336 2160 514 2199 ossea
563 2133 731 2194 haud
773 2133 1107 2194 inficianda
1144 2134 1395 2194 exhibet
1434 2139 1614 2194 vesti-

340 2227 438 2306 gia
484 2239 617 2280 turn
675 2225 934 2279 actionis
989 2219 1416 2278 musculorum
1477 2236 1613 2278 tum

339 2311 608 2368 universi
648 2305 850 2364 Vultus
897 2307 1068 2383 cujus
1112 2304 1467 2386 generalem
1504 2304 1611 2362 ha-

336 2393 536 2454 bitum
566 2407 626 2449 et
658 2394 967 2449 rationem
992 2393 1133 2449 satis
1156 2389 1339 2448 facile
1379 2411 1457 2448 ex
1482 2410 1611 2448 cra-

335 2483 443 2538 nio
478 2475 799 2537 denudato
829 2476 1122 2537 hariolari
1146 2474 1313 2536 licet.
1422 2486 1423 2491 ’

1390 2556 1610 2637 Quod-
