1721 3041
338 310 848 351 DEGENERATtoNE
886 313 950 350 m
976 312 1192 351 sPEcm.
1284 295 1409 375 273

122 482 228 522 me
264 460 522 544 quidem
572 459 853 520 colorem
893 466 982 520 ita
1029 478 1262 536 mutat,
1334 481 1406 523 ut

120 546 501 608 hereditaria
570 545 975 626 dispositione
1025 550 1140 628 per
1185 548 1405 630 longas

123 636 603 714 generationum
634 634 819 689 series
846 649 1222 714 propagata,
1267 653 1406 693 sen-

122 722 240 777 sim
260 722 325 775 in
350 714 611 774 alteram
656 718 831 796 quasi
871 731 1160 775 naturam
1199 716 1405 793 abeat,

124 819 189 861 et
212 806 278 860 in
302 797 620 859 nonnullis
643 803 1051 858 animantium
1078 803 1405 882 speciebus

123 883 537 968 singularibus
579 900 644 940 et
684 884 1112 945 constantibus
1152 891 1411 947 varieta-

121 971 290 1029 tibus
323 984 534 1027 ortum
555 966 875 1046 praebeat.
942 969 1277 1029 Notissima
1306 993 1409 1030 ex-

125 1056 447 1115 citavimus
500 1049 788 1131 exempla
843 1055 1153 1112 varietatis
1189 1060 1410 1116 niveae

122 1142 315 1199 muris
365 1135 694 1194 domestici
730 1150 794 1193 et
833 1137 1136 1211 cuniculi,
1181 1157 1409 1222 utpote

124 1242 400 1305 quorum
424 1224 676 1277 niveum
697 1218 893 1279 vellus
935 1238 999 1280 et
1037 1244 1258 1284 roseae
1294 1249 1408 1307 pu·
1488 1266 1495 1275 -

127 1306 316 1388 pulae
347 1320 522 1365 certo
562 1308 787 1362 certius
812 1304 1154 1385 ¹morbidae
1185 1314 1410 1370 intem-

125 1395 342 1474 periei,
385 1388 886 1469 leucaethiopiae
914 1391 1042 1451 scil.
1070 1392 1403 1456 debentur.

253 1557 494 1618 Eadem
560 1557 816 1640 quidem
875 1558 1130 1622 affectio
1180 1568 1408 1647 passim

129 1650 319 1707 etiam
345 1649 668 1724 in·ge11ere
702 1643 980 1716 humano
1018 1647 1406 1712 observatur.

131 1731 584 1792 Verumtamen
611 1731 802 1804 magis
831 1731 1186 1810 spomdice,
1235 1753 1410 1796 certe

129 1813 354 1876 nullibi
381 1831 553 1872 tanta
578 1811 933 1895 frequentia
958 1832 1019 1874 et
1058 1823 1408 1880 constantia

132 1915 368 1983 quanta
394 1901 459 1956 in
484 1897 678 1956 brutis
709 1920 870 1980 quae
909 1900 1103 1960 modo
1145 1902 1411 1964 diximus

131 1982 549 2044 animantibus
579 1988 871 2058 occurrit,
912 2007 1034 2067 qua
1072 2006 1301 2069 nempe
1341 1994 1409 2049 in

130 2066 514 2153 peculiarem
544 2083 607 2125 et
636 2071 1122 2147 copiosissimam
1149 2076 1409 2134 varieta-

133 2169 265 2216 tem
290 2173 512 2212 eorum
543 2150 961 2233 degeneravit.

261 2321 674 2384 Nihilominus
731 2337 943 2382 tamen
1009 2340 1073 2386 et
1136 2326 1411 2387 humana

137 2413 254 2471 ista
305 2407 766 2489 leucaethiopia
818 2413 1031 2490 paucis
1095 2413 1412 2494 tangenda

139 2511 251 2557 est.
338 2490 468 2556 Sed
490 2497 704 2576 paucis
727 2497 1002 2576 inquam,
1045 2499 1242 2577 ipsam
1270 2518 1410 2558 eam

769 2579 812 2647 S
1315 2581 1403 2642 ob
