1721 3041
290 310 405 378 134
451 310 668 370 Ssscmo
694 311 793 367 HJ.
835 331 912 367 DE
951 330 1196 371 GENEms
1228 334 1381 371 HUM.

287 502 649 562 quanquam
677 495 738 538 et
768 501 908 561 pars
949 479 1127 558 hujus
1168 478 1427 540 effectus
1471 500 1548 541 eo

287 563 507 624 referri
545 565 806 638 debeat,
886 565 1056 646 quod.
1107 565 1287 624 simul
1333 587 1445 647 per
1488 566 1554 624 id

291 666 536 731 tempus
562 649 733 707 domi
757 666 1096 722 manentes,
1142 666 1203 707 et
1229 655 1556 710 vestimen-

291 740 369 795 tis
406 739 630 808 onusti,
675 733 930 816 publico
961 727 1326 795 abstineant.

421 905 745 981 Quantum
805 908 969 963 enim
1019 903 1324 982 ejusmodi
1378 903 1562 963 absti*

293 994 508 1047 nentia
549 1010 585 1046 a
627 987 809 1047 coelo
857 1006 1071 1070 aperto
1117 1006 1180 1047 et
1222 988 1421 1047 libero
1479 988 1561 1046 ad

291 1079 565 1132 nitorem
638 1076 764 1132 cuti
823 1073 1286 1132 conciliandum
1339 1072 1562 1144 valeat,

291 1180 500 1216 annua
528 1173 592 1216 et
626 1156 792 1237 apud
831 1173 1138 1215 nostrates
1180 1161 1564 1237 experientia

294 1243 503 1315 docet,
553 1263 696 1301 cum
730 1262 922 1300 verno
968 1258 1252 1321 tempore
1291 1239 1564 1299 feminae

294 1327 707 1408 elegantiores
726 1342 789 1383 et
814 1325 1186 1385 delicatulae
1211 1325 1565 1385 candidissi⁴

292 1433 460 1469 :mam
484 1432 634 1491 prae
663 1431 728 1469 se
759 1409 960 1468 ferant
996 1414 1151 1469 cutis
1185 1409 1560 1483 albedinem,

292 1494 564 1572 hyemali
603 1495 944 1553 domestica
979 1498 1101 1552 vita
1144 1510 1562 1565 contractam3

296 1601 461 1662 quae
496 1601 645 1637 vero
684 1584 748 1637 in
788 1583 856 1636 iis
893 1598 1053 1659 quae
1090 1578 1396 1654 ejusmodi
1437 1577 1566 1636 oul-

288 1682 393 1724 ’tus
422 1669 623 1722 minus
649 1663 962 1723 studiosae
989 1678 1208 1742 postea
1246 1667 1374 1723 aeri
1419 1661 1563 1720 soli-

294 1769 419 1830 que
449 1752 679 1807 aestivo
708 1763 944 1806 temere
969 1768 1034 1805 se
1069 1764 1411 1827 exponunt,
1458 1769 1565 1804 an-

296 1851 359 1892 te
410 1835 677 1913 proximi
723 1836 1006 1890 autumni
1046 1832 1382 1890 adventum
1431 1854 1564 1891 ver-

290 1917 498 1975 nalem
528 1922 705 1975 istam
736 1922 993 1997 gratiam
1020 1916 1227 1998 perdit
1255 1934 1317 1976 et
1336 1921 1565 1977 sensim

298 2001 662 2062 obfuscatur
699 2009 798 2081 cs).

1345 2084 1563 2162 Quod-

360 2206 415 2270 ᾖ)
453 2206 519 2250 Ex
550 2201 676 2248 nube
698 2203 892 2257 testium
921 2204 1004 2266 qui
1032 2202 1235 2250 eundem
1261 2205 1565 2252 notissimum

427 2272 555 2318 vitae
585 2272 769 2330 generis
815 2267 1034 2317 effeetum
1077 2283 1124 2319 et
1160 2274 1209 2318 in
1255 2270 1360 2319 aliis
1409 2284 1564 2320 terrae

428 2336 582 2406 plagis
619 2337 965 2393 observarunt,
1003 2341 1195 2387 unicum
1234 2342 1382 2387 citare
1424 2339 1563 2387 liceat

429 2408 607 2464 Poiret,
648 2404 705 2452 de
738 2408 919 2454 Mauris
948 2419 1182 2468 agentem,
1219 2410 1268 2455 in
1298 2424 1473 2477 voyage
1505 2425 1560 2456 en

433 2472 661 2522 Barbarie
692 2476 760 2522 T.
784 2478 819 2522 Ι.
851 2490 960 2539 pag,
983 2488 1062 2532 31.
1120 2477 1244 2524 “Les
1279 2478 1476 2526 Maures
1507 2494 1564 2524 ne

431 2557 574 2600 „sont
611 2545 749 2608 point
786 2544 1139 2594 naturellement
1176 2548 1336 2603 voirs,
1387 2543 1565 2659 malgzicff

1482 2648 1518 2676 n
1541 2629 1563 2663 θ
