1721 3041
317 295 821 351 DEGENERATIONE
857 297 919 334 IN
944 295 1160 335 SPECIE.
1258 300 1278 334 1
1295 299 1372 358 29

107 444 270 505 vallo
303 446 558 506 climatis
595 460 836 504 tantum
868 448 1150 525 potentia
1178 452 1238 512 e)
1266 444 1373 505 ha-

105 530 309 590 bitum
377 536 562 591 istum
635 531 1058 611 aethiopicum
1129 546 1375 591 contra-

105 621 265 677 xisse
280 619 305 692 {-
737 636 745 645 ·

607 781 865 864 §45

105 915 392 977 Caussm
395 938 506 974 mn
533 916 760 975 colons
796 919 1065 974 caccznei
1106 916 1302 976 ulcer
1278 939 1376 977 zor

550 1002 924 1060 z'llzcscracw.

231 1133 412 1207 Quae
455 1131 648 1188 modo
707 1136 1061 1189 summatim
1120 1147 1183 1191 et
1241 1153 1379 1192 suc-

106 1220 310 1276 cincte
340 1214 418 1272 de
448 1220 671 1274 caussis
722 1214 946 1273 coloris
991 1220 1239 1275 cutanei
1274 1238 1377 1275 ex-

101 1303 419 1396 posuimus
443 1343 457 1370 ‚
524 1302 835 1373 curatiore
867 1298 1160 1378 indagine
1198 1319 1377 1376 argu·

85 1388 327 1442 ·:mentis
385 1380 730 1440 multifariis
781 1362 893 1439 sed
951 1381 1032 1438 ad
1085 1390 1377 1444 amussim

101 1468 258 1528 sibi
242 1471 508 1527 mvicem
535 1465 1057 1548 respondentibus
1082 1485 1145 1527 et
1174 1491 1252 1529 ex
1286 1476 1377 1551 ip-

1306 1577 1375 1614 sa

171 1673 237 1737 e)
285 1673 467 1732 Nigros
511 1669 706 1736 quidem
752 1668 813 1717 ad
870 1672 1119 1720 Gambiam
1176 1676 1380 1739 reperiri

240 1741 457 1788 homines
487 1755 513 1785 a
544 1740 737 1803 proavis
756 1740 995 1786 Lusitanis
1024 1752 1175 1794 ortOS‚
1212 1758 1377 1788 omnes

238 1809 480 1855 novimus.
553 1809 733 1852 Verum
756 1804 930 1851 horum
955 1806 1250 1866 nigredinem
1277 1825 1375 1855 ma-

239 1878 368 1924 xime
394 1891 418 1920 e
447 1885 636 1939 patrum
670 1888 776 1919 cum
807 1874 1107 1939 aethiopissis
1142 1875 1380 1936 indigenis

240 1943 483 1991 connubio
508 1939 816 1989 derivandam
847 1957 962 1996 esse
1002 1940 1078 1990 vel
1102 1959 1160 1991 eo
1187 1946 1280 2003 jam
1305 1960 1378 1992 ar-

239 2021 470 2073 gumento
498 2005 901 2056 verisimillimum
932 2012 1012 2063 fit,
1058 2010 1190 2075 quod
1223 2011 1376 2075 femi-

238 2096 323 2128 nas
358 2081 624 2143 Europaeas
654 2077 920 2124 immediate
949 2094 1004 2124 ex
1025 2081 1178 2144 patria
1215 2096 1298 2126 sua
1328 2082 1382 2127 in

196 2150 212 2158 “
240 2148 474 2196 Guineam
505 2141 772 2201 translataS,
810 2162 904 2192 non
936 2147 1027 2194 nisi
1052 2147 1295 2194 rarissime
1322 2145 1378 2195 il-

240 2212 300 2262 lic
341 2212 514 2260 durare
552 2229 719 2290 posse,
757 2224 973 2270 constet,
1012 2225 1201 2292 utpote
1213 2231 1270 2263 ex
1297 2213 1377 2262 cli-

243 2284 383 2330 matis
416 2283 626 2349 potentia
657 2292 768 2328 tunc
794 2285 1048 2330 menstruis
1088 2284 1245 2330 mmiis
1291 2284 1375 2331 ob-

243 2351 439 2406 noxias,
486 2365 616 2426 quae.
650 2360 833 2396 tantum
883 2367 978 2397 non
1019 2367 1206 2428 semper
1241 2351 1378 2398 brevi

243 2419 472 2482 temporis
503 2420 655 2481 spatio
683 2419 731 2462 in
758 2414 952 2465 lethales
988 2421 1113 2468 uteri
1159 2419 1376 2467 haemor-

243 2485 430 2547 rhagias
465 2485 596 2533 abire
620 2482 849 2536 assolent.

760 2555 786 2611 I
