1721 3041
267 318 690 360 DEGENERANDI
727 320 788 357 IN
829 318 1184 359 UNIVERSUM.
1241 317 1356 377 109

602 464 660 546 §-
758 476 856 537 40.

106 601 428 662 cautelae
500 601 835 681 quaedam
909 602 979 656 in
1049 601 1361 657 scrutinio

147 706 524 751 caussarum
567 687 1088 766 clegenercztionis
1117 685 1323 742 obser-

308 793 309 796 ’
586 770 878 827 vandale.

226 898 464 959 Multae
539 920 617 960 ex
685 900 986 959 hactenus
1073 895 1368 969 enarratis

107 991 329 1046 caussis
383 984 805 1065 degenerandi
841 1001 966 1042 tam
1019 981 1371 1042 luculenter

107 1086 322 1151 patent
354 1069 641 1147 adeoque
691 1086 864 1126 extra
901 1089 1153 1126 omnem
1196 1066 1372 1125 dubi-

110 1156 358 1210 tationis
387 1151 584 1216 aleam
609 1155 845 1228 positae
871 1167 1031 1224 sunt,
1077 1168 1147 1207 ut
1185 1151 1374 1230 pluri-
1453 1186 1455 1189 -

109 1259 213 1294 ma
249 1235 742 1313 degenerationis
790 1233 1226 1311 phaenomena
1278 1255 1376 1290 su-

110 1340 219 1401 pra
273 1331 635 1376 enumerata
676 1314 839 1379 facili
875 1321 1132 1395 negotio
1184 1332 1246 1372 et
1284 1318 1376 1372 in-

114 1402 394 1461 dubitate
419 1401 496 1458 ad
534 1398 813 1474 easdem,
859 1416 1156 1481 tanquam
1190 1398 1376 1458 effec-

111 1502 210 1546 tus
239 1486 318 1544 ad
351 1507 588 1545 caussas
612 1507 770 1560 suas,
814 1483 1031 1544 referri
1057 1488 1312 1566 possint.

239 1638 333 1703 Ab
363 1640 556 1704 altera
581 1664 730 1704 vero
759 1659 937 1724 parte
979 1656 1153 1702 tanta
1191 1644 1380 1715 etiam

116 1728 378 1788 subinde
436 1732 740 1806 contingit
792 1727 1061 1805 plurium
1115 1750 1192 1787 ex
1252 1728 1380 1795 istis

121 1814 342 1872 caussis
373 1816 496 1871 sive
524 1813 896 1890 conspiratio
925 1814 1049 1868 sive
1071 1813 1382 1869 contraria

120 1896 479 1969 adversitas;
555 1912 687 1953 tum
732 1910 793 1954 et
847 1909 970 1952 tam
1036 1893 1274 1953 diversa
1318 1909 1383 1952 et

119 1979 451 2040 multifaria
526 1983 962 2059 organicorum
1044 1999 1385 2058 corporum

122 2065 204 2123 ad
239 2064 743 2145 degener-andum
780 2067 905 2121 sive
943 2062 1219 2144 pronitas
1258 2066 1384 2120 sive

121 2154 386 2221 renisus;
470 2170 659 2228 porro
739 2164 802 2207 et
864 2153 1063 2207 varius
1129 2151 1386 2206 istarum

127 2255 480 2293 caussarum
503 2238 568 2291 in
613 2233 843 2292 haecce
887 2254 1155 2315 corpora
1198 2229 1385 2290 effec-

81 2378 84 2385 ,
126 2336 222 2377 tus
263 2334 449 2398 prout
482 2318 581 2377 vel
627 2318 980 2378 immediate
1027 2321 1132 2393 (ut
1163 2321 1249 2376 ita
1299 2315 1387 2372 di-

130 2407 300 2476 cam)
325 2402 421 2461 vel
462 2403 727 2463 mediate
769 2407 957 2481 magis
997 2418 1215 2484 agunt3
1283 2399 1388 2456 de-

87 2527 93 2539 .
130 2492 319 2570 nique
344 2505 406 2548 et
450 2507 524 2550 ea
563 2488 789 2551 horum
833 2485 1171 2549 efFectuum
1209 2480 1389 2568 diffe-

1250 2587 1388 2625 ren-
