1721 3041
774 183 782 207 h

281 365 788 408 DEGENERATIONE
827 365 890 402 IN
920 364 1136 403 spemn.
1228 349 1345 407 261:
1373 381 1376 383 ·

194 515 578 579 Defensor-es
600 516 706 577 hic
723 537 940 576 rumor
968 515 1179 576 denuo
1208 538 1354 577 nac*

61 618 162 661 tus
204 621 296 663 est
338 608 560 663 nostris
609 602 996 684 temporibus
1046 602 1354 679 guberna-

60 704 272 747 torem
323 688 594 748 Modave
653 706 716 748 et
777 688 1143 747 botanicum
1190 686 1350 746 eele-

60 771 242 832 brem
281 776 713 833 Commerson.
807 772 1053 871 Quodsi
1089 793 1239 829 vero
1281 776 1348 830 in

59 857 469 917 relationibus
501 880 722 918 eorum
766 857 844 915 de
891 862 960 916 iis
1003 856 1350 915 discesseris

59 963 226 1022 quae
260 959 530 1023 uterque
566 938 758 999 fando
801 947 1045 1019 tantum
1087 944 1348 1020 accepit,

59 1042 126 1084 et
153 1047 317 1108 quae
358 1032 490 1106 ipsa
526 1048 658 1084 non
710 1048 837 1083 una
877 1030 944 1083 in
978 1045 1047 1082 re
1084 1029 1248 1083 inter
1281 1047 1349 1083 se

55 1127 430 1190 repugnant,
478 1111 791 1191 reliquum
821 1114 1006 1168 unice
1053 1130 1131 1168 eo
1187 1108 1352 1168 redit

59 1193 238 1275 quod
269 1195 653 1275 gubernator
678 1199 792 1253 iste
819 1216 1059 1254 servam
1076 1193 1354 1276 aliquam

62 1282 286 1336 emerit
323 1279 658 1358 pustulam,
727 1302 844 1360 pro
888 1281 1189 1355 Quimota
1234 1283 1350 1359 ipsi

60 1361 411 1439 venditam,
472 1363 688 1424 colore
735 1363 1004 1445 pallido,
1064 1367 1348 1422 mammis

60 1447 364 1528 depressis
389 1465 451 1507 et
473 1448 874 1508 brachiorum
893 1450 972 1507 ad
994 1470 1198 1529 genua
1211 1447 1346 1507 fere

60 1536 552 1612 pertingentium
586 1533 981 1614 longitudine
1022 1538 1349 1613 conspicu-

62 1638 182 1674 am.
270 1619 351 1674 At
377 1622 542 1676 enim
565 1636 714 1675 vero
743 1618 818 1676 cl.
850 1621 1008 1675 Baro
1047 1618 1126 1676 de
1161 1617 1347 1697 Glug-

61 1723 146 1778 ny
177 1705 285 1782 qui
311 1722 424 1781 per
453 1706 768 1781 integrum
799 1700 928 1760 fere
965 1723 1245 1761 mensem
1281 1705 1349 1759 in

65 1786 290 1849 eadem
321 1790 461 1846 navi
489 1807 632 1844 cum
658 1790 956 1868 ipsissima
981 1786 1177 1846 hacce
1199 1807 1348 1866 pyg-

62 1891 245 1928 maea
287 1886 563 1930 versatus
621 1887 713 1929 est
768 1870 1122 1932 luculenter
1167 1892 1347 1928 mon-

63 1959 276 2012 stravit
303 1977 436 2012 non
484 1959 600 2017 nisi
644 1955 808 2014 mala
846 1954 1352 2014 conformatione

66 2054 131 2097 et
159 2038 456 2102 morbosa
489 2044 937 2103 constitutione
962 2061 1100 2101 eam
1119 2061 1349 2097 uanam

63 2122 249 2182 fuisse
271 2169 284 2196 ,
319 2162 324 2166 -
355 2123 932 2203 macrocephalam‚
996 2123 1307 2204 stupidam
1326 2169 1341 2198 ‚

67 2224 133 2267 et
182 2227 345 2289 quae
394 2205 717 2271 confusam
768 2229 993 2267 vocem
1054 2207 1348 2269 redderet

66 2309 187 2354 etc.
238 2291 462 2373 quibus
490 2292 777 2352 omnibus
807 2314 925 2371 ego
950 2293 1219 2381 quidem
1257 2292 1344 2352 fe·-

66 2399 136 2436 re
170 2376 554 2457 persuadeor
581 2393 650 2435 ut
668 2370 1092 2436 valetudinem
1122 2381 1282 2456 ejus
1267 2378 1346 2436 ad

71 2464 512 2521 Cretinismum
535 2461 819 2534 referam,
850 2484 993 2522 cum
1017 2463 1174 2520 haec
1189 2483 1256 2538 sy
1260 2484 1346 2519 m·-

70 2563 352 2626 ptomata
375 2551 441 2606 in
471 2548 735 2607 Cretinis
767 2563 1128 2621 occurrant5
1173 2551 1346 2631 itaut

711 2635 766 2698 R
809 2634 845 2698 3
1282 2648 1345 2692 et
