1721 3041
268 243 695 317 DEGENERA‘Nm
733 275 794 313 m
835 273 1189 316 UN1VERSUM.
1246 281 1268 318 1
1288 258 1364 321 13

135 442 138 444 ’
223 426 388 484 Hinc
419 444 471 484 e.
504 443 590 505 gr.
623 425 688 482 ni
725 422 907 484 fallor
942 429 1099 486 ratio
1143 442 1359 508 peten-

98 505 197 582 da,
247 531 355 568 cur
382 507 586 568 fuscus
623 511 775 568 cutis
810 509 985 569 color
1019 510 1133 572 sub
1181 517 1358 572 torri-

97 591 180 650 da
210 615 369 652 zona
386 594 736 653 centractus
767 591 858 672 (S.
878 596 1017 670 55.)
1049 594 1171 656 alio
1202 619 1359 679 quo-

94 698 221 757 que
245 677 358 736 sub
399 676 577 738 coelo
609 680 799 760 magis
823 695 1130 760 perennet
1168 701 1357 764 quam

92 760 334 821 albidus
358 760 704 821 borealium
750 763 925 822 color
963 763 1187 845 quodsi
1225 786 1357 827 ver·

90 865 191 906 sus
223 860 498 906 austrum
523 846 819 907 translata
849 847 1100 909 fuerint.

211 1095 268 1158 5.
314 1101 613 1180 Denique
659 1113 724 1157 ec
777 1121 841 1158 m
867 1121 903 1158 e
926 1100 968 1158 d
991 1105 1013 1160 i
1038 1123 1074 1160 a
1099 1105 1168 1161 ti
1223 1106 1357 1162 isci-

90 1183 347 1240 usmodi
425 1204 804 1241 caussarum
869 1186 1161 1262 influxus
1211 1201 1358 1245 cam

86 1269 320 1326 remoti
363 1265 571 1322 lacere
603 1281 899 1345 possunt,
941 1283 1017 1325 uc
1058 1272 1356 1327 nondum

85 1349 199 1408 vel
233 1353 609 1429 conjectura
651 1350 907 1407 eosdem
949 1355 1243 1432 assequi,
1289 1368 1355 1412 ec

83 1432 403 1490 hactenus
460 1437 910 1515 aenigmatica
960 1435 1353 1515 phaenome-

83 1539 179 1573 na
252 1517 778 1597 degener-ationis
831 1520 927 1576 ud
969 1522 1161 1584 istos,
1200 1535 1351 1580 tan-

84 1622 287 1682 quam
302 1601 622 1679 adfonces
639 1624 799 1677 su05,
817 1603 1055 1682 referre
1070 1605 1199 1663 lieu
1207 1610 1347 1665 eric,

208 1772 301 1827 Ita
335 1789 391 1828 v.
427 1790 478 1827 c,
507 1764 949 1850 procul'dubio
997 1769 1077 1826 ad
1116 1773 1346 1831 media·
1433 1766 1437 1771 ⁴

81 1869 173 1913 tas
206 1853 510 1931 ejusmodi
550 1870 613 1912 et
642 1873 931 1931 magnam
966 1870 1208 1934 partem
1241 1855 1347 1914 ad-

80 1937 208 1998 huc
233 1960 346 1997 nos
372 1937 632 1998 latentes
650 1961 886 1998 caussas
909 1938 1137 1998 referre
1160 1962 1349 2020 opor-

81 2038 176 2082 tet
229 2021 553 2104 gentilitias
604 2041 666 2081 et
715 2040 1066 2083 constantes
1107 2030 1347 2084 cranio-

80 2128 222 2166 rum
246 2106 493 2184 formaS,
540 2107 782 2170 colores
825 2108 1158 2190 gentilitios
1195 2130 1345 2171 ocu-

82 2189 288 2251 lorum
324 2209 442 2252 ete.
489 2205 492 2209 ’
1218 2222 1221 2225 “

539 2368 881 2399 *-

674 2524 740 2600 H
920 2572 922 2574 ψ
1117 2525 1335 2588 SEch
