1721 3041
318 313 825 358 DEGENERATIONE
859 317 923 354 IN
947 316 1164 356 spncnz.
1255 299 1377 360 203

109 469 311 529 omnis
338 487 552 527 earum
581 471 668 527 vis
709 484 771 528 et
804 464 956 526 fides
996 466 1260 548 pendet,
1306 486 1378 526 ut

109 574 175 613 se
209 556 409 635 ipsum
444 557 510 611 in
554 573 769 611 earum
808 573 923 610 usu
966 557 1278 612 incertum
1318 570 1381 612 et

108 638 399 719 ambigue
431 636 842 699 haesitantem
867 642 1054 697 tacite
1091 637 1383 720 profitea-

108 737 229 784 tur.

622 928 682 1007 g,
771 932 871 988 61.

156 1060 411 1120 Norma
476 1061 814 1119 verticalis
860 1061 957 1118 ad
1008 1060 1344 1119 characte-

213 1167 310 1203 res
330 1146 694 1225 gencz'lz‘cios
731 1150 1105 1204 craniorum
1130 1147 1289 1228 defi-

596 1233 890 1289 niendos.

237 1379 548 1461 Equidem
590 1401 718 1462 quo
758 1383 957 1459 major
991 1380 1143 1440 mihi
1189 1380 1389 1440 indies

115 1486 259 1524 usus
303 1481 365 1523 et
410 1469 584 1547 quasi
623 1466 1017 1526 consuetudo
1073 1488 1218 1526 cum
1264 1465 1390 1525 col·

115 1548 392 1608 lectione
427 1572 568 1609 mea
616 1554 974 1611 craniorum
1012 1551 1394 1611 diversarum

115 1639 427 1715 gentium,
509 1656 586 1694 eo
640 1641 842 1696 minus
892 1637 1183 1719 possibile
1241 1636 1393 1695 mihi

115 1720 362 1778 videtur
424 1725 748 1779 varietates
807 1722 993 1782 hasce
1044 1720 1391 1800 gentilitias»,

118 1809 185 1864 in
225 1819 398 1862 tanta
435 1810 858 1886 proportionis
913 1822 975 1864 et
1033 1805 1391 1875 directionis

119 1893 389 1970 partium
439 1894 653 1969 capitis
698 1896 859 1950 ossei
906 1911 1050 1949 vere
1089 1887 1396 1947 multifor-

118 1979 234 2032 mis
275 1971 656 2048 differentia,
700 1974 837 2055 plus
886 1980 1088 2034 minus
1132 1974 1213 2032 ad
1253 1974 1396 2034 cha-

116 2074 426 2117 racterem
452 2058 823 2139 gentilitium
835 2058 1123 2132 faciente,
1157 2059 1235 2116 ad
1264 2082 1396 2141 gra-

121 2142 235 2201 dus
264 2158 326 2200 et
341 2142 600 2222 angulos
619 2144 921 2223 generalis
949 2143 1272 2223 cujusdam
1300 2165 1394 2204 re-

127 2227 308 2308 gulae
335 2226 659 2287 reducere.

250 2419 465 2494 Quum
488 2434 698 2478 tamen
725 2415 829 2477 ille
854 2425 1206 2480 craniorum
1225 2441 1398 2501 aspe-

130 2519 264 2564 ctus
290 2508 354 2563 in
383 2504 500 2565 hac
540 2503 619 2564 de
667 2521 791 2584 qua
834 2511 1066 2588 agimus
1115 2506 1396 2584 diagnosi

1298 2611 1396 2651 ce-
