1721 3041
328 295 409 371 94
454 286 671 351 Suom-10
694 291 769 349 11.
797 310 886 347 m:
904 308 1121 354 caussa
1146 309 1454 366 Momthm
1534 305 1538 308 ’

329 464 430 532 cit,
474 462 673 540 prima
700 456 1006 518 elementa
1032 476 1103 518 ut
1135 478 1438 521 vocantur
1455 483 1583 520 om-
1662 455 1679 473 ⁹

326 547 420 604 nis
468 546 707 623 generis
759 542 1193 604 alimentorum
1250 548 1446 605 sintve
1507 568 1585 607 ex

325 626 575 687 animali
609 649 801 709 regno
844 629 1123 689 desumta
1166 635 1290 690 sive
1337 652 1373 690 e
1407 650 1587 711 vege-

323 711 528 787 tabili,
575 713 794 772 eadem
824 734 984 787 esse,
1027 715 1315 814 hincque
1355 737 1392 773 a
1431 714 1587 773 mul-

323 796 555 857 tifariis
587 796 770 856 calidi
826 803 1134 880 sanguinis
1175 800 1586 859 animantibus

324 898 453 942 tam
478 884 808 942 carnivoris
849 905 1037 964 quam
1084 884 1463 957 herbivoriS,
1511 888 1588 943 ex

323 966 741 1028 diversissimis
777 971 1302 1027 nutrimentorum
1359 968 1589 1026 ordini·

323 1050 471 1125 bus,
542 1050 882 1109 dummodo
930 1051 1089 1111 haec
1147 1074 1183 1109 a
1229 1052 1587 1133 digestionis

323 1140 569 1215 organis
596 1139 711 1192 rite
739 1134 997 1192 subacta
1035 1134 1283 1206 fuerint,
1327 1135 1589 1194 similem

322 1217 602 1295 chylum,
671 1216 1059 1315 similemque
1113 1220 1178 1275 in
1233 1221 1589 1280 universum

319 1307 687 1378 sanguinem
708 1306 929 1400 parali.
1017 1302 1098 1359 At
1127 1305 1291 1359 enim
1316 1324 1465 1363 vero
1494 1319 1589 1362 ut-

321 1404 394 1446 ut
444 1387 603 1445 haec
646 1407 682 1443 a
720 1388 988 1444 veritatis
1039 1390 1248 1466 specie
1302 1393 1587 1466 proxime

322 1472 580 1544 absunt,
635 1450 999 1551 neutiquam
1050 1486 1258 1529 tamen
1313 1470 1587 1531 infician-

319 1557 492 1630 dum,
538 1553 899 1614 adventitias
928 1553 1098 1612 divei
1100 1576 1201 1614 SOI
1205 1577 1309 1610 um
1336 1555 1587 1613 alimen·

322 1657 534 1701 torum
579 1638 902 1720 qualitates
946 1641 1330 1711 innumeraS,
1377 1644 1441 1697 in
1476 1644 1586 1698 im-

320 1723 631 1785 mutandis
664 1722 1018 1781 animalium
1050 1727 1282 1781 naturis
1334 1741 1396 1781 et
1443 1743 1584 1804 pro*

319 1808 682 1894 prietatibus
709 1829 1004 1889 magnum
1041 1807 1274 1867 habere
1306 1829 1584 1869 momen-

321 1907 474 1955 tum.

443 2022 661 2080 Paucis
681 2021 805 2081 hoc
835 2019 1130 2101 probasse
1156 2019 1448 2099 exemplis
1462 2018 1582 2080 suf-

322 2104 508 2165 ficiat.

449 2229 813 2312 Specificam
836 2250 888 2288 v.
913 2249 964 2288 c.
1000 2227 1398 2327 singularium
1427 2253 1579 2312 quo-

322 2317 588 2378 rundam
611 2315 1080 2374 alimentorum
1065 2335 1130 2371 ln
1162 2315 1333 2372 color
1337 2338 1433 2372 em
1455 2321 1579 2374 ani-

323 2403 578 2465 malium
603 2422 731 2460 esse
753 2402 1122 2496 potentiamz
1164 2400 1436 2458 aviculae
1470 2400 1578 2458 do-

323 2503 475 2557 cent
502 2507 693 2553 canoi
696 2506 787 2560 ae,
831 2486 1191 2567 praeseitim
1220 2505 1297 2544 ex
1332 2473 1580 2545 alauda-

1440 2586 1577 2628 lum
