1721 3041
347 297 854 352 DEGENERATmNn
887 307 950 347 m
975 307 1190 350 spEcm.
1283 313 1402 374 227

260 460 512 522 Pondus
545 458 786 520 accedit
821 458 968 519 huic
1005 464 1407 540 coniecturae

137 548 570 610 observatione
598 543 927 604 Winslovii
952 544 1018 614 b)
1048 552 1154 628 qui
1179 552 1242 605 in
1274 569 1405 607 cra-

136 638 244 693 nio
284 629 670 691 Groenlandi
718 651 796 690 ex
843 650 1068 688 canum
1102 631 1302 690 insula
1345 639 1406 702 c)

135 717 398 779 similem
425 714 709 775 dentium
753 717 1092 775 incisorum
1141 716 1409 797 singula-

1274 822 1410 860 rem

272 960 380 996 rum
408 965 454 996 v.
478 940 911 1010 Tranquebarische‘
929 944 1167 995 Missiom·
1183 976 1199 984 -
1216 948 1409 1001 Berich-

274 1033 320 1065 τε
355 1017 543 1063 Contin.
579 1017 700 1066 CVI.

202 1082 260 1147 b)
300 1101 343 1132 v.
375 1084 627 1132 Memoires
653 1082 707 1130 ole
744 1081 920 1132 l‘Acaol.
957 1081 1036 1132 oles
1067 1100 1130 1132 sc.
1159 1083 1215 1132 ole
1252 1084 1410 1136 Paris»

282 1165 426 1211 1722.
468 1167 571 1216 pag.
606 1163 721 1210 323.

204 1219 256 1284 c)
296 1218 463 1267 Hond-
484 1216 692 1285 Eylanol‚
730 1217 850 1266 adeo
881 1219 1126 1266 notissima
1157 1230 1227 1266 est
1257 1219 1412 1271 insula

277 1285 338 1334 ad
401 1282 578 1332 fretum
641 1287 793 1333 Disko
853 1281 1027 1333 littoris
1104 1285 1411 1336 occidentalis

272 1350 653 1406 Groenlandiae‚
715 1362 761 1399 et
805 1354 851 1398 in
904 1353 1126 1399 omnibus
1179 1359 1410 1403 accuratis

272 1422 411 1469 istius
440 1432 593 1466 terrae
624 1421 804 1485 mappis
832 1420 1163 1485 geographicis
1192 1439 1216 1468 a
1263 1426 1410 1485 Zorg-

274 1487 465 1548 drageri
494 1487 603 1535 inde
640 1488 936 1552 temporibus
966 1488 1137 1543 obvia,
1175 1501 1228 1537 ut
1273 1489 1413 1556 plane

280 1572 358 1603 me
385 1568 479 1603 non
507 1552 773 1617 intelligere
804 1557 1034 1620 profitear
1057 1557 1174 1622 quid
1205 1558 1298 1605 sibi
1329 1578 1413 1608 vo·

276 1619 422 1671 luerit
450 1625 708 1687 Camperus
740 1623 934 1687 quando
974 1621 1300 1673 Winslovium
1342 1630 1412 1688 ig-

274 1693 525 1740 norantiae
552 1705 752 1750 arguere
790 1702 836 1736 et
863 1704 916 1736 ex
960 1691 1178 1738 Hiibneri
1215 1710 1414 1755 geogra-

281 1759 394 1826 phia
432 1757 681 1804 emendare
708 1773 848 1804 ausus
879 1770 978 1815 est,
1018 1759 1066 1804 in
1110 1775 1204 1822 qua
1247 1777 1414 1826 nempe

278 1843 445 1874 canum
474 1823 626 1872 insula
662 1825 840 1872 ree‘titls
882 1824 939 1872 ad
985 1842 1212 1872 oceanum
1256 1832 1414 1892 pacifi-

281 1912 389 1942 cum
414 1894 501 1940 sub
539 1896 776 1959 tropicum
821 1895 1086 1958 capricorni
1117 1895 1225 1951 dcc„
1268 1893 1416 1947 relata

279 1965 340 2009 sit
434 1964 566 2008 Anne
597 1962 804 2009 nescibat
835 1962 1006 2009 hancce
1045 1960 1301 2011 australem
1343 1971 1414 2013 in·

281 2027 435 2077 sulam
476 2029 536 2076 ab
566 2031 819 2077 inventore
859 2030 1148 2078 Schoutenio
1189 2048 1229 2081 a.
1277 2034 1417 2085 1616.

277 2099 327 2145 in
359 2097 609 2143 notissimo
638 2098 890 2159 itinerario
912 2109 963 2144 ut
991 2095 1129 2162 plane
1157 2115 1250 2145 non
1285 2100 1419 2149 habi-

277 2175 425 2213 tatam
453 2163 671 2221 describi,
710 2165 809 2211 imo
839 2180 955 2212 vero
981 2166 1040 2211 ab
1069 2182 1126 2212 eo
1158 2166 1267 2214 inde
1301 2182 1417 2217 tem-

278 2247 398 2297 pore
424 2247 450 2278 a
475 2228 609 2278 nullo
639 2230 770 2296 quod
805 2233 948 2279 sciam
979 2235 1229 2298 Europaeo
1257 2236 1418 2285 denuo

280 2300 518 2347 visitatam
546 2301 671 2347 esse!
733 2316 839 2346 cum
879 2313 1043 2348 contra
1088 2300 1292 2351 borealis
1337 2303 1419 2354 illa

281 2369 416 2426 regio
452 2381 506 2412 ex
553 2384 644 2432 qua
681 2364 982 2415 Winslovius
1031 2372 1243 2417 cranium
1289 2372 1417 2421 istud

280 2435 522 2499 acceperat
562 2436 621 2482 ab
658 2438 920 2481 innumeris
960 2439 1216 2502 Europaeis
1264 2438 1416 2489 balae-

282 2517 451 2550 narum
485 2503 822 2568 capiendarum
847 2520 1008 2552 caussa
1039 2503 1383 2570 frequentetur,

730 2572 860 2636 P2
