1721 3041
274 273 279 279 .
312 247 739 307 DEGENERANm
775 246 838 285 1N
881 246 1239 300 UNivERstJM.
1336 233 1414 299 85

144 400 330 460 tionis
374 397 844 478 phaenomena,
894 413 1026 455 tum
1063 420 1282 458 sanum
1324 420 1417 459 ra-

143 484 470 549 tiocinium
497 502 572 541 eo
602 480 833 540 ducere
872 499 940 539 ut
975 487 1181 562 potius
1221 506 1413 565 pona·⁴

143 586 309 627 mus:

463 669 751 730 Genitale
782 669 1090 751 liquidum
1129 693 1261 730 non
1303 674 1419 733 nisi

368 755 701 815 informem
730 758 1054 813 materiem
1079 776 1208 815 esse
1241 779 1420 838 orga-

367 846 657 900 nicorum
684 861 1041 919 corporum,
1088 862 1124 898 a
1156 846 1420 900 materie

370 929 716 1006 inorganiei
770 926 946 1005 regni
1013 928 1225 983 innata
1307 925 1418 984 sed

368 1030 447 1068 ex
489 1011 938 1090 phaenomenis
974 1009 1299 1069 manifesta
1359 1012 1419 1070 vi

370 1092 785 1164 differentem,
816 1096 939 1172 ‘qua
961 1099 1139 1152 certis
1170 1095 1285 1154 sub
1306 1100 1418 1154 cir·

372 1177 750 1233 cumstantiis
805 1174 1200 1250 maturitatis,
1258 1183 1410 1237 mix-

369 1263 572 1329 tioniS,
613 1256 770 1327 loci,
814 1273 932 1314 eto.
976 1271 1269 1317 statutam
1321 1265 1413 1341 ip·-

365 1344 443 1407 sis
488 1356 550 1397 et
597 1337 964 1397 destinatam
1002 1338 1267 1401 formam
1309 1363 1411 1424 ge-

363 1426 701 1484 nerationis
751 1427 1010 1498 negotio
1058 1426 1259 1505 primo
1318 1433 1407 1486 in.-

336 1573 339 1576 ,
364 1508 534 1582 duat,
577 1508 927 1566 nutritionis
945 1509 1209 1588 posthac
1231 1510 1409 1572 func-

364 1599 537 1654 tione
576 1610 882 1674 perpetuo
937 1613 1294 1670 conservet,
1348 1610 1410 1656 et

365 1683 417 1738 si
482 1698 556 1736 ea
620 1677 784 1735 forte
854 1677 1135 1737 mutilata
1199 1679 1406 1756 fuerit,

367 1775 672 1844 quantum
713 1758 848 1840 fieri
895 1776 1101 1838 potest
1153 1783 1276 1841 ope
1313 1785 1408 1824 re-

361 1843 792 1928 productionis
828 1846 1055 1901 iterum
1101 1851 1403 1907 restituat.

263 1997 519 2054 Hancce
547 1996 687 2064 vim,
715 2012 794 2049 ne
819 2007 962 2059 cum
994 1982 1123 2048 aliis
1143 1994 1229 2049 vis
1257 1991 1404 2051 vita-

141 2076 213 2142 lis
243 2077 569 2161 generibus
598 2093 704 2134 aut
739 2097 881 2135 cum
918 2076 1083 2154 vagis
1125 2091 1188 2133 et
1229 2077 1401 2136 inde-

139 2165 478 2226 terminatis
508 2177 788 2220 veterum
814 2158 1088 2233 vocibus,
1133 2163 1217 2218 vis
1241 2160 1401 2241 plas-

140 2256 302 2310 ticae
328 2265 444 2306 ete.
465 2245 898 2318 confundatur,
932 2267 972 2302 n
999 2245 1067 2302 is
1096 2267 1138 2302 u
1162 2266 1189 2302 s
1233 2246 1256 2302 1
1284 2267 1320 2304 o
1344 2268 1400 2304 r-

141 2354 207 2398 m
235 2355 271 2390 a
301 2349 324 2391 t
347 2337 368 2391 i
391 2353 426 2390 v
452 2335 474 2388 i
534 2337 788 2390 nomine
839 2330 1214 2403 distinguere
1255 2328 1399 2389 lice·

141 2435 237 2499 at:
284 2436 409 2500 quo
438 2431 644 2484 tamen
667 2419 921 2476 nomine
941 2433 1071 2474 non
1088 2429 1400 2489 tanicaus-

730 2501 775 2556 F
820 2521 857 2558 2
1268 2515 1397 2556 sam
