1721 3041
257 280 331 342 14
457 320 463 332 ,
511 269 731 340 ΒΕεΤΙο
778 272 823 329 Ι.
872 292 950 330 DE
993 289 1249 332 Hoivnms

247 461 396 502 nem
428 441 725 502 accedat:
784 464 820 500 a
860 463 982 524 qua
1033 440 1288 525 quidem
1329 438 1521 522 pelvi*

244 525 432 586 formi
460 527 868 587 fabricatione
902 527 1288 610 reliquorum
1328 545 1520 584 mam-

245 612 504 671 malium
582 632 778 671 coxae
847 612 1205 694 elongatae,
1292 615 1519 668 mirum

244 712 551 777 quantum
591 697 835 756 distant.
904 694 1068 755 Nam
1097 713 1159 756 et
1186 699 1397 756 simiae
1428 717 1519 753 sa·

243 785 364 857 tyri
391 797 453 840 et
484 781 826 862 elephantis
871 782 1274 855 coxendice5‚
1325 802 1519 861 quan-

243 887 431 948 quam
460 867 650 947 paulo
678 871 933 947 propius
963 887 1150 949 quam
1181 871 1245 925 in
1266 866 1517 946 reliquis

240 951 674 1011 mammalibus
703 973 974 1032 quorum
1001 951 1232 1011 sceleta
1270 953 1520 1031 perquie

239 1039 352 1094 sivi
388 1036 468 1094 ad
493 1035 802 1096 humanae
831 1035 1021 1117 pelvis
1051 1035 1318 1094 formam
1343 1051 1541 1092 acoe-.

242 1119 394 1178 dere
440 1120 800 1193 videantur,
860 1119 1260 1176 nihilominus
1309 1135 1520 1177 tamen

237 1205 304 1268 in
346 1208 541 1285 priori
568 1202 964 1284 longitudine
993 1224 1103 1260 sua
1125 1200 1522 1260 latitudinem

238 1289 575 1356 excedunt,
611 1292 676 1351 in
713 1291 1048 1367 posteriori
1085 1302 1297 1344 autem
1336 1286 1518 1366 pubis

236 1372 738 1450 synchondrosin
774 1371 1117 1451 valdopere
1161 1370 1520 1451 elongatam

236 1478 389 1543 prae
415 1478 482 1516 se
514 1456 744 1530 ferunt,
793 1473 855 1515 et
897 1461 961 1515 in
998 1473 1272 1537 utroque
1318 1455 1396 1513 ab
1444 1472 1520 1513 ea

237 1564 430 1627 quam
490 1541 754 1601 diximus
821 1542 1050 1600 lavacri
1116 1539 1521 1616 similitudine

235 1626 563 1689 manifeste
593 1625 919 1700 differunt,
986 1643 1208 1706 utpote
1254 1646 1417 1707 quae
1451 1630 1519 1682 in

237 1710 377 1776 solo
407 1713 664 1772 homine
693 1728 826 1770 tum
848 1711 934 1771 ilii
969 1716 1198 1771 ossium
1228 1730 1415 1790 super
1447 1707 1519 1766 li-

237 1819 361 1861 nea
376 1801 766 1856 innominata
793 1797 1253 1877 explanatione,
1287 1812 1350 1853 et
1378 1816 1518 1870 syn-

239 1882 670 1943 chondroseos
701 1882 1074 1963 gracilitate,
1117 1898 1250 1939 tum
1277 1900 1424 1938 vero
1453 1893 1516 1937 et

238 1971 390 2027 ossis
416 1971 575 2027 sacri
604 1967 751 2026 inde
780 1990 824 2025 a·
841 1970 1281 2047 promontorio
1310 1970 1516 2023 incur-

235 2055 488 2111 vatione
516 2067 581 2110 et
617 2057 900 2132 coccygis
926 2050 1354 2110 vertebrarum
1382 2068 1517 2106 ver-

238 2154 339 2197 sus
356 2162 360 2166 ·
376 2140 690 2197 anteriora
715 2135 1081 2207 'directione
1099 2180 1114 2212 ,
1177 2138 1514 2215 conspicua

239 2237 352 2284 Ost·
1064 2232 1065 2237 ¹

1357 2539 1415 2626 §-
1450 2564 1504 2625 ’7ό
