1721 3041
298 286 722 330 DEGENERANDI
765 291 829 327 IN
866 286 1221 331 UNNERSUM.
1311 292 1392 356 9¹7

129 433 247 498 bus
271 438 493 497 nostris
523 436 872 498 domesticis
897 439 1219 502 manifeste
1243 463 1391 503 con—

126 529 345 604 spicua
387 537 494 582 est.

214 739 225 746 ,
258 692 615 774 Cogitemus
657 709 711 753 v.
744 714 796 753 e.
853 692 1170 774 ingentem
1218 693 1395 755 diffe—

127 783 395 835 rentiam
460 799 621 859 quae
695 776 1259 838 conformationem
1330 792 1395 838 et

124 865 600 942 proportionem
628 863 897 944 partium
928 867 1073 943 equi
1108 864 1397 944 generosi

124 949 199 1003 in·
221 945 435 1006 schola
459 945 586 1007 ficti
614 965 676 1006 et
702 947 1020 1024 sylvestris,
1076 969 1264 1029 quem
1307 947 1396 1008 fe-

125 1049 267 1088 rum
304 1047 561 1104 vocant,
617 1032 969 1090 intercedit.
1079 1034 1201 1092 Hic
1250 1051 1395 1092 cum

124 1112 255 1171 aliis
301 1113 596 1171 dimicans
645 1116 894 1172 mordet
950 1118 1144 1190 magis
1205 1138 1395 1195 quam

126 1196 434 1266 calcitrat3
478 1195 583 1253 ifle
623 1213 842 1255 contra
874 1195 1149 1256 frenatus
1188 1215 1251 1256 et
1295 1221 1395 1258 so-

121 1274 234 1339 leis
267 1278 478 1337 ferreis
508 1296 775 1336 armatus
799 1279 889 1336 his
920 1285 1127 1358 potius
1144 1281 1394 1339 hostem

122 1367 280 1444 petit
315 1379 378 1420 et
409 1361 700 1421 mordere
727 1362 989 1422 dediscit
1019 1367 1211 1445 quasi.
1259 1365 1395 1425 Ple-

121 1468 318 1529 raque
356 1469 393 1504 a
436 1446 691 1513 homine
733 1446 1059 1528 subjugata
1097 1465 1394 1508 mamma-

121 1531 274 1590 lium
302 1552 529 1612 genera
561 1531 762 1605 cauda
806 1531 1083 1612 pendula
1127 1549 1191 1592 et
1231 1539 1392 1593 auri-

123 1616 275 1676 culis
304 1615 593 1689 delnissi5‚
638 1621 852 1675 mitem
887 1633 950 1675 et
991 1622 1238 1677 servitio
1283 1618 1394 1677 ab·
1434 1627 1436 1631 ’

120 1701 353 1779 jectum
410 1704 683 1756 animum
749 1700 1197 1760 demonstrant.
1317 1707 1391 1761 In

121 1783 328 1842 multis
382 1785 714 1862 ipsissimae
763 1781 1118 1841 functiones
1168 1803 1392 1866 corpo-

120 1888 298 1940 reae,
338 1882 729 1938 secret10n18‚
793 1868 1211 1942 generatlonis
1268 1886 1387 1930 etc.

119 1958 347 2011 mirum
376 1967 676 2032 quantum
702 1968 1039 2010 mutantur.
1130 1953 1238 2010 Sui
1255 1973 1310 2012 v.
1331 1974 1386 2013 C.

119 2037 500 2096 domesticae
531 2038 745 2115 ingens
782 2034 1100 2116 panniculi
1146 2037 1388 2116 adiposi

118 2121 317 2181 moles
351 2123 681 2178 succrescit
709 2136 831 2200 qua
864 2140 1014 2201 aper
1045 2137 1234 2194 caret,
1283 2142 1390 2180 cu-

113 2206 213 2286 jus
245 2221 461 2264 contra
493 2209 829 2263 teneriores
854 2222 915 2263 et
944 2208 1118 2286 quasi
1151 2204 1388 2286 lanugi-

118 2293 259 2350 nosi
305 2287 429 2368 pili,
475 2291 614 2346 setis
649 2290 971 2366 interjecti,
1010 2293 1075 2346 in
1118 2292 1234 2348 ista
1278 2290 1389 2348 do—

119 2378 372 2433 mestica
395 2376 689 2432 varietate
727 2378 950 2432 sensim
982 2388 1377 2441 evanescunt,

119 2457 481 2519 Domestica
505 2455 663 2519 haec
684 2461 1019 2518 animantia
1044 2456 1233 2540 longe
1257 2478 1386 2516 maa

753 2543 812 2602 G
1289 2542 1377 2620 gis
