1721 3041
279 279 361 346 52
545 279 766 341 SEc'rio
811 280 858 336 Ι.
913 300 993 338 DE
1036 296 1296 340 Hormus

406 448 740 510 Fabulosas
791 464 1010 508 contra
1067 448 1360 509 credulae
1403 451 1558 509 anti-

281 541 533 619 quitatis
561 535 894 594 relationes
932 533 1011 593 de
1039 539 1334 593 universis
1361 539 1558 616 genti-

226 631 239 643 ‘
279 623 395 681 bus
426 642 689 703 quarum
717 618 988 678 feminae
1018 636 1337 679 menstruo
1383 620 1558 679 fluxu

278 706 614 766 destitutae
642 709 792 780 sint,
819 724 820 727 ’
848 704 969 764 alio
1005 703 1151 765 loco
1180 709 1394 787 paucis
1425 718 1558 764 tan-

276 813 513 874 gemus

786 952 845 1034 g.
946 958 1041 1016 18.

271 1087 374 1150 IV.
427 1088 617 1166 Quae
658 1087 911 1162 homini
948 1099 1242 1163 respecta
1287 1086 1557 1144 animae

419 1170 851 1249 facultatum
886 1170 1159 1248 propria
1210 1183 1382 1226 sanc,
1515 1168 1517 1170 ’

402 1301 640 1358 Omnes
656 1319 785 1355 uno
809 1316 920 1355 ore
947 1296 1074 1355 huc
1100 1293 1382 1356 referunt
1403 1314 1555 1358 tam-

273 1406 464 1469 quam
489 1403 796 1441 summam
826 1396 888 1439 et
915 1385 1249 1439 maximam
1283 1382 1556 1444 hominis

270 1472 788 1552 praerogativam,
836 1469 1115 1524 racionis
1155 1470 1358 1525 usum.
1430 1469 1554 1526 Cu-

271 1560 464 1615 ratius
488 1574 637 1613 vero
665 1554 1008 1632 inquirenti
1046 1551 1197 1632 quid
1230 1556 1400 1632 ipsae
1430 1552 1554 1612 hae

270 1659 459 1701 voces
484 1638 602 1698 sibi
624 1635 848 1709 velint,
905 1639 1303 1694 mirationem
1340 1637 1553 1696 subire

268 1744 528 1785 necesse
570 1738 690 1793 est,
751 1742 940 1801 quam
981 1719 1171 1800 longe
1223 1720 1552 1781 diversissi-

269 1831 402 1869 mas
433 1808 512 1866 de
538 1809 795 1865 rationis
834 1809 1097 1863 notione
1149 1804 1416 1864 reddant
1454 1829 1549 1866 ra-

259 1900 470 1953 tiones
493 1889 853 1973 philosophi
882 1894 1152 1949 maxime
1188 1891 1544 1952 rationales·

267 1979 418 2038 Aliis
454 1982 621 2035 enim
647 1991 738 2034 est
761 1974 1090 2055 peculiaris
1117 1974 1306 2055 plane
1350 1993 1411 2034 et
1435 1977 1548 2035 ho-

266 2066 421 2121 mini
476 2065 661 2118 unice
712 2063 966 2138 propria
1024 2064 1212 2116 animi
1262 2057 1544 2135 facultas,

269 2146 400 2205 aliis
429 2148 686 2202 eximius
719 2142 939 2201 saltem
965 2157 1029 2200 et
1070 2142 1411 2223 valdopere
1443 2164 1547 2203 ex-

271 2230 502 2292 cellens
524 2228 748 2310 gradus
768 2225 1091 2300 facultatis,
1119 2233 1290 2286 cuius
1314 2232 1379 2286 in
1401 2229 1546 2287 bru-

268 2334 480 2375 torum
518 2317 724 2372 anima
750 2334 880 2383 non
913 2315 1025 2370 nisi
1052 2317 1265 2387 tenuia
1288 2318 1545 2395 vestigia

268 2416 505 2460 extent.
595 2398 742 2456 Aliis
773 2396 1135 2477 complexus
1162 2403 1441 2456 omnium
1468 2419 1544 2460 ac

267 2484 649 2567 singularum
673 2482 986 2544 humanae
1009 2487 1231 2544 mentis
1248 2483 1541 2625 altiforum

1375 2566 1539 2627 acul-
