1721 3041
248 249 476 298 ,xxxvur
560 257 746 298 INDEX
783 258 1216 320 SUPELLECTmls

387 399 534 453 fidere
566 404 735 468 possis.
821 405 1007 466 Qlodsi
1044 408 1169 455 enim
1207 425 1233 455 a
1277 407 1535 471 nonnullis,
1576 446 1578 448 ψ

386 486 437 520 v.
472 487 510 516 c.
538 486 564 517 a
593 473 737 519 Corn.
768 471 827 520 de
860 476 1003 522 Bruin
1048 477 1218 523 itinere
1263 479 1449 527 Persico
1490 494 1537 526 et

387 536 569 594 Indico,
602 550 647 587 et
675 540 959 593 immortalis
974 544 1152 592 Cookii
1185 544 1390 595 secundo
1413 549 1537 610 peri-

384 603 469 673 plo
491 622 517 653 a
534 622 582 653 se
604 607 710 673 ipso
726 608 960 679 descripto
985 623 1030 660 et
1053 613 1310 662 iconibusa
1328 611 1384 659 cl.
1405 612 1538 661 Hod-

385 690 467 735 ges
508 671 749 726 delineatis
782 692 981 737 ornato,
1018 678 1311 740 discesseris,
1347 683 1394 727 in
1428 677 1538 729 reli-

383 744 491 808 quis
511 753 693 803 tantum
719 763 814 796 uon
846 749 1067 799 omnibus
1087 747 1290 806 tabulaS,
1322 751 1408 798 etsi
1436 766 1538 816 pas-

386 813 474 858 sim
504 808 904 879 splendidissimas
936 817 1109 883 quibus
1139 819 1435 883 superbiunt,
1458 834 1536 864 cu-

382 881 532 927 ratius
567 882 795 946 spe&atas
825 896 871 932 et
915 903 1023 934 cum
1057 889 1274 945 genuinis
1320 885 1537 932 iconibus

381 961 465 998 aut
497 949 599 1014 ipsa
636 963 804 999 natura
834 950 1048 1009 collatas,
1084 955 1162 1004 vix
1195 951 1339 1002 ullius
1377 952 1435 1000 ad
1468 952 1539 998 hi-

382 1018 586 1067 storiam
635 1022 821 1079 generis
862 1022 1059 1073 humani
1109 1019 1372 1071 naturalem
1426 1036 1538 1069 usus

380 1098 510 1144 esse,
552 1083 692 1137 facile
721 1086 1058 1153 deprehendes,
1144 1092 1349 1156 Oportet
1388 1089 1539 1148 igitur

379 1152 473 1201 hoc
507 1154 599 1200 fine
635 1157 796 1217 potius
829 1157 937 1205 hinc
972 1154 1102 1204 illinc
1133 1167 1344 1203 extantes
1374 1157 1539 1214 imagi-

379 1236 462 1267 nes
518 1224 815 1271 exoticarum
860 1225 1075 1281 gentium
1128 1220 1378 1279 conferre,
1438 1233 1541 1271 tum

380 1287 482 1336 acri
507 1288 708 1342 incisas,
757 1304 930 1355 easque
959 1291 1060 1336 sive
1094 1290 1348 1353 separatim
1375 1287 1542 1348 editas,

379 1355 481 1404 sive
504 1357 703 1418 sparsim
729 1352 863 1404 libris
890 1358 1117 1413 insertas,
1167 1366 1268 1403 tum
1312 1372 1429 1403 vero
1472 1358 1544 1422 ip-

379 1422 561 1468 sissima
600 1423 896 1489 avtographa
935 1426 1048 1472 artis
1091 1426 1242 1489 perita
1274 1441 1417 1473 manu
1460 1423 1537 1470 de-

378 1486 572 1540 lineata.
644 1488 843 1542 Illarum
870 1491 1062 1561 quidem
1088 1494 1321 1552 insignem
1354 1493 1541 1556 copiam

377 1557 496 1606 mihi
524 1562 814 1624 comparavi,
851 1562 900 1611 in
933 1559 1108 1626 quibus
1136 1562 1414 1625 praesertim
1444 1576 1541 1606 ma·

378 1627 460 1686 gni
494 1627 543 1673 in
590 1627 680 1676 hoc
720 1644 889 1687 genere
928 1629 1120 1677 artificis
1166 1633 1330 1678 Wenc.
1367 1625 1542 1675 Hollar

377 1693 561 1754 figurae
604 1711 725 1760 aqua
766 1697 884 1744 forti
928 1712 1206 1760 expressae,
1258 1707 1303 1744 et
1333 1711 1538 1760 nupero·

379 1777 486 1808 rum
528 1761 794 1823 Anglorum
829 1761 1291 1827 chalcographorum
1321 1764 1539 1823 egregiae
1572 1762 1581 1763 7

381 1826 572 1881 tabulae
603 1833 842 1881 eminent3
884 1827 1126 1892 sigillatim
1164 1846 1282 1877 vero
1322 1847 1399 1878 eas
1429 1847 1538 1878 con-

380 1899 582 1958 signare,
602 1898 765 1947 indicis
793 1897 934 1956 hujus
960 1897 1131 1948 limites
1151 1909 1328 1946 vetant.
1379 1899 1538 1946 Liceat

378 1964 543 2013 saltem
575 1982 817 2013 recensum
848 1967 1021 2013 maxim
1086 1963 1458 2013 uemorabilium
1482 1981 1539 2014 ex

379 2034 438 2084 iis
469 2033 755 2096 subjungere
791 2050 907 2102 quae
945 2051 1083 2085 manu
1109 2031 1367 2085 delineatae
1392 2048 1537 2085 sunt:

385 2228 445 2299 a)
491 2228 798 2285 varietatis
855 2227 904 2283 G
932 2247 967 2283 a
994 2248 1036 2286 u
1067 2246 1101 2285 c
1127 2247 1162 2283 a
1189 2246 1215 2284 s
1241 2229 1262 2283 i
1290 2246 1325 2286 a
1353 2245 1406 2286 e..

251 2355 307 2430 ι)
359 2352 592 2409 Tul-ca.
640 2350 888 2411 rubrica
919 2350 998 2410 ad
1022 2355 1226 2409 vivum
1266 2348 1545 2409 delinea-

326 2452 421 2498 tus
482 2436 754 2505 Berolini
821 2435 898 2500 ab
966 2440 1214 2522 egregio
1301 2431 1535 2577 arssfice

1433 2538 1529 2579 an.
1584 2561 1585 2566 1
