1721 3041
285 280 793 324 DEGENERATIONE
822 282 888 321 m
923 281 1147 347 senem..
1240 273 1358 346 149

73 438 122 497 is
150 451 212 495 et
237 432 733 512 Quarteronibus
751 436 969 493 tertiae
999 437 1352 515 generatio·

71 526 165 580 nis
212 536 390 578 natos
434 521 863 598 chincerones
909 525 1024 599 q),
1069 521 1353 600 Hispani-

75 625 147 665 ce
196 601 537 664 Puchuelas
580 610 641 672 ry
689 602 812 661 dici
857 602 1136 665 referunt
1171 604 1351 685 quod

71 705 284 749 autem
319 709 552 747 nomen
583 687 800 746 itidem
837 692 993 746 natis
1030 711 1107 747 ex
1153 691 1351 748 Euro-

68 779 236 855 paeis
263 790 326 833 et
362 772 789 836 Octavonibus
823 775 1205 832 Americanis
1248 778 1352 832 tri-

67 858 279 917 buitur
311 865 398 930 s);
445 879 662 917 verum
690 860 756 915 in
790 856 881 922 his
911 856 1216 958 partubus
1249 857 1350 917 vel

69 947 395 1002 minimum
444 957 732 1005 constans
774 947 1098 1023 vestigium
1137 963 1350 1023 super-

67 1048 198 1088 esse
232 1032 461 1091 mixtae
505 1031 754 1107 originis
782 1035 837 1096 ω
879 1044 1023 1108 post
1060 1048 1134 1086 ea
1185 1047 1350 1109 quae

66 1134 105 1175 a
136 1112 390 1170 testibus
438 1115 706 1209 avtoptis.
728 1110 852 1169 fide
878 1112 1239 1192 dignissimis
1268 1111 1348 1171 de

65 1200 297 1255 tertiae
323 1199 737 1275 generationis
767 1193 1123 1254 hominibus
1172 1195 1349 1276 quod

67 1278 280 1361 quoad
338 1277 619 1336 colorem
676 1294 739 1335 et
795 1272 1080 1336 habitum
1137 1279 1347 1339 abavis

64 1366 405 1443 Europaeis
428 1359 712 1442 perfecte
736 1360 1027 1427 simillimi
1065 1365 1206 1437 sint,
1253 1383 1347 1422 re-

62 1447 188 1511 lata
227 1451 614 1527 accepimus,
662 1451 764 1505 vix
815 1469 889 1507 ac
946 1468 1028 1507 ne
1064 1452 1167 1510 -vix
1215 1451 1349 1530 qui-

65 1531 211 1598 dem
240 1531 536 1592 credibile
562 1532 826 1597 videtur.

131 1709 188 1773 q)
229 1709 429 1774 History
455 1706 519 1771 of
539 1708 779 1773 Jamaica..

130 1782 183 1838 r)
221 1774 447 1826 Gumilla.
489 1791 598 1842 pag.
630 1779 707 1830 86.

132 1846 190 1905 s)
227 1842 298 1892 ld.
329 1860 436 1909 pag.
465 1851 543 1902 83,

131 1914 186 1975 t)
224 1914 293 1958 Ita
326 1923 456 1959 etex
491 1910 688 1968 Coyotis
734 1910 901 1958 tertiae
938 1910 1255 1970 generationis
1295 1922 1343 1962 et

200 1980 492 2026 Americanis
542 1990 709 2032 natos,
754 1979 998 2028 Harnizos
1036 1981 1228 2032 vocari3
1283 1995 1341 2028 ex

197 2046 444 2106 Cambujis
481 2056 528 2093 et
561 2045 758 2094 Mulatis
790 2049 974 2107 genitos
995 2083 1010 2106 ,
1071 2045 1345 2096 Alharassa-

201 2114 317 2169 olos;
370 2114 575 2179 denique
618 2129 673 2160 ex
712 2113 782 2161 his
835 2126 882 2161 et
930 2111 1127 2162 Mulatis
1180 2126 1342 2171 ortos,

199 2180 436 2231 Barzinos
466 2179 714 2259 appellari,
750 2181 877 2229 idem
904 2197 1049 2248 quem
1078 2182 1225 2235 modo
1245 2200 1340 2234 sae

198 2251 305 2323 pius
344 2252 507 2312 citavi,
546 2248 727 2309 Twiss,
765 2247 931 2303 refert.

532 2407 885 2437 ⁴-—

668 2559 724 2615 K
775 2559 814 2618 5
1139 2553 1199 2638 g.
1243 2557 1342 2626 48.
