<?xml version="1.0" encoding="UTF-8"?>
<!DOCTYPE html PUBLIC "-//W3C//DTD XHTML 1.0 Transitional//EN"
    "http://www.w3.org/TR/xhtml1/DTD/xhtml1-transitional.dtd">
<html xmlns="http://www.w3.org/1999/xhtml" xml:lang="en" lang="en">
 <head>
  <title>
</title>
<meta http-equiv="Content-Type" content="text/html;charset=utf-8" />
  <meta name='ocr-system' content='tesseract 3.04.00' />
  <meta name='ocr-capabilities' content='ocr_page ocr_carea ocr_par ocr_line ocrx_word'/>
</head>
<body>
  <div class='ocr_page' id='page_1' title='image "./degenerishumaniv00blum_0313.png"; bbox 0 0 1721 3041; ppageno 0'>
   <div class='ocr_carea' id='block_1_1' title="bbox 1393 319 1430 339">
    <p class='ocr_par' dir='ltr' id='par_1_1' title="bbox 1393 319 1430 339">
     <span class='ocr_line' id='line_1_1' title="bbox 1393 319 1430 339; baseline 0 -6"><span class='ocrx_word' id='word_1_1' title='bbox 1393 319 1430 339; x_wconf 66' lang='grc' dir='ltr'>μιν</span> 
     </span>
    </p>
   </div>
   <div class='ocr_carea' id='block_1_2' title="bbox 342 315 1431 395">
    <p class='ocr_par' dir='ltr' id='par_1_2' title="bbox 342 315 1431 395">
     <span class='ocr_line' id='line_1_2' title="bbox 342 315 1431 395; baseline 0.008 -28"><span class='ocrx_word' id='word_1_2' title='bbox 342 315 861 374; x_wconf 67' lang='grc' dir='ltr'>,υΕὸΕΝΕΒΑΤΙοΝΕ</span> <span class='ocrx_word' id='word_1_3' title='bbox 898 333 964 374; x_wconf 59' lang='lat' dir='ltr'>nv·</span> <span class='ocrx_word' id='word_1_4' title='bbox 1000 334 1218 395; x_wconf 70' lang='lat' dir='ltr'>sPEcns.</span> <span class='ocrx_word' id='word_1_5' title='bbox 1308 319 1431 384; x_wconf 62' lang='lat'>261,</span> 
     </span>
    </p>
   </div>
   <div class='ocr_carea' id='block_1_3' title="bbox 647 480 910 565">
    <p class='ocr_par' dir='ltr' id='par_1_3' title="bbox 647 480 910 565">
     <span class='ocr_line' id='line_1_3' title="bbox 647 480 910 565; baseline 0.008 -2"><span class='ocrx_word' id='word_1_6' title='bbox 647 480 707 563; x_wconf 74' lang='lat'>§-</span> <span class='ocrx_word' id='word_1_7' title='bbox 809 491 910 565; x_wconf 76' lang='lat'>74.</span> 
     </span>
    </p>
   </div>
   <div class='ocr_carea' id='block_1_4' title="bbox 154 618 1341 701">
    <p class='ocr_par' dir='ltr' id='par_1_4' title="bbox 154 618 1341 701">
     <span class='ocr_line' id='line_1_4' title="bbox 154 618 1341 701; baseline 0.001 -25"><span class='ocrx_word' id='word_1_8' title='bbox 154 620 157 622; x_wconf 64' lang='grc'><strong>’</strong></span> <span class='ocrx_word' id='word_1_9' title='bbox 213 618 317 676; x_wconf 78' lang='lat' dir='ltr'>De</span> <span class='ocrx_word' id='word_1_10' title='bbox 352 620 591 675; x_wconf 71' lang='lat' dir='ltr'>caussis</span> <span class='ocrx_word' id='word_1_11' title='bbox 622 631 925 701; x_wconf 52' lang='lat' dir='ltr'>staturae</span> <span class='ocrx_word' id='word_1_12' title='bbox 945 618 1341 698; x_wconf 73' lang='lat' dir='ltr'>gentilitiae.</span> 
     </span>
    </p>
   </div>
   <div class='ocr_carea' id='block_1_5' title="bbox 127 751 1428 1592">
    <p class='ocr_par' dir='ltr' id='par_1_5' title="bbox 127 751 1428 1592">
     <span class='ocr_line' id='line_1_5' title="bbox 259 751 1424 830; baseline 0.001 -23"><span class='ocrx_word' id='word_1_13' title='bbox 259 751 509 808; x_wconf 82' lang='lat' dir='ltr'>Dantur</span> <span class='ocrx_word' id='word_1_14' title='bbox 561 752 774 830; x_wconf 84' lang='lat' dir='ltr'>itaque</span> <span class='ocrx_word' id='word_1_15' title='bbox 832 767 1044 830; x_wconf 88' lang='lat' dir='ltr'>neque</span> <span class='ocrx_word' id='word_1_16' title='bbox 1103 754 1424 830; x_wconf 77' lang='lat' dir='ltr'>gigantum</span> 
     </span>
     <span class='ocr_line' id='line_1_6' title="bbox 133 837 1420 915; baseline 0.002 -23"><span class='ocrx_word' id='word_1_17' title='bbox 133 837 415 915; x_wconf 76' lang='lat' dir='ltr'>integrae</span> <span class='ocrx_word' id='word_1_18' title='bbox 449 850 663 915; x_wconf 81' lang='lat' dir='ltr'><strong>gentes</strong></span> <span class='ocrx_word' id='word_1_19' title='bbox 692 853 903 915; x_wconf 82' lang='lat' dir='ltr'>neque</span> <span class='ocrx_word' id='word_1_20' title='bbox 934 854 1420 914; x_wconf 81' lang='lat' dir='ltr'>:pygmaeorum.</span> 
     </span>
     <span class='ocr_line' id='line_1_7' title="bbox 132 918 1428 998; baseline 0.001 -21"><span class='ocrx_word' id='word_1_21' title='bbox 132 921 415 978; x_wconf 82' lang='lat' dir='ltr'>Varietas</span> <span class='ocrx_word' id='word_1_22' title='bbox 485 934 698 976; x_wconf 88' lang='lat' dir='ltr'>autem</span> <span class='ocrx_word' id='word_1_23' title='bbox 776 934 1050 976; x_wconf 83' lang='lat' dir='ltr'>staturae</span> <span class='ocrx_word' id='word_1_24' title='bbox 1122 918 1428 998; x_wconf 82' lang='lat' dir='ltr'>gentilitia</span> 
     </span>
     <span class='ocr_line' id='line_1_8' title="bbox 132 998 1424 1084; baseline 0.002 -23"><span class='ocrx_word' id='word_1_25' title='bbox 132 1025 324 1084; x_wconf 82' lang='lat' dir='ltr'>quam</span> <span class='ocrx_word' id='word_1_26' title='bbox 379 1024 565 1082; x_wconf 77' lang='lat' dir='ltr'>supra</span> <span class='ocrx_word' id='word_1_27' title='bbox 609 998 701 1078; x_wconf 73' lang='lat'>(§.</span> <span class='ocrx_word' id='word_1_28' title='bbox 756 1004 894 1081; x_wconf 87' lang='lat'>71.)</span> <span class='ocrx_word' id='word_1_29' title='bbox 941 1005 1251 1082; x_wconf 79' lang='lat' dir='ltr'>tetigimus</span> <span class='ocrx_word' id='word_1_30' title='bbox 1291 1026 1424 1063; x_wconf 85' lang='lat' dir='ltr'>arc-</span> 
     </span>
     <span class='ocr_line' id='line_1_9' title="bbox 132 1086 1423 1167; baseline 0 -21"><span class='ocrx_word' id='word_1_31' title='bbox 132 1087 391 1146; x_wconf 85' lang='lat' dir='ltr'>tioribus</span> <span class='ocrx_word' id='word_1_32' title='bbox 452 1108 568 1167; x_wconf 82' lang='lat' dir='ltr'>pro</span> <span class='ocrx_word' id='word_1_33' title='bbox 624 1090 920 1166; x_wconf 80' lang='lat' dir='ltr'>portione</span> <span class='ocrx_word' id='word_1_34' title='bbox 966 1086 1261 1147; x_wconf 87' lang='lat' dir='ltr'>limitibus</span> <span class='ocrx_word' id='word_1_35' title='bbox 1309 1092 1423 1148; x_wconf 87' lang='lat' dir='ltr'>cir-</span> 
     </span>
     <span class='ocr_line' id='line_1_10' title="bbox 133 1171 1418 1254; baseline 0.004 -26"><span class='ocrx_word' id='word_1_36' title='bbox 133 1176 508 1250; x_wconf 83' lang='lat' dir='ltr'>cumscripta</span> <span class='ocrx_word' id='word_1_37' title='bbox 535 1171 800 1244; x_wconf 83' lang='lat' dir='ltr'>videtur,</span> <span class='ocrx_word' id='word_1_38' title='bbox 848 1192 1037 1253; x_wconf 87' lang='lat' dir='ltr'>quam</span> <span class='ocrx_word' id='word_1_39' title='bbox 1065 1193 1227 1254; x_wconf 87' lang='lat' dir='ltr'>quae</span> <span class='ocrx_word' id='word_1_40' title='bbox 1254 1177 1418 1233; x_wconf 85' lang='lat' dir='ltr'>inter.</span> 
     </span>
     <span class='ocr_line' id='line_1_11' title="bbox 132 1254 1419 1357; baseline 0.003 -43"><span class='ocrx_word' id='word_1_41' title='bbox 132 1256 251 1314; x_wconf 88' lang='lat' dir='ltr'>alia</span> <span class='ocrx_word' id='word_1_42' title='bbox 285 1259 620 1313; x_wconf 79' lang='lat' dir='ltr'>animantia</span> <span class='ocrx_word' id='word_1_43' title='bbox 659 1254 1003 1316; x_wconf 83' lang='lat' dir='ltr'>domestica</span> <span class='ocrx_word' id='word_1_44' title='bbox 1027 1261 1268 1357; x_wconf 63' lang='lat' dir='ltr'>passim</span> <span class='ocrx_word' id='word_1_45' title='bbox 1308 1259 1419 1318; x_wconf 91' lang='lat' dir='ltr'>ob-</span> 
     </span>
     <span class='ocr_line' id='line_1_12' title="bbox 129 1338 1418 1425; baseline 0.003 -27"><span class='ocrx_word' id='word_1_46' title='bbox 129 1356 411 1398; x_wconf 75' lang='lat' dir='ltr'>servatui</span> <span class='ocrx_word' id='word_1_47' title='bbox 443 1338 546 1418; x_wconf 65' lang='lat' dir='ltr'>(S.</span> <span class='ocrx_word' id='word_1_48' title='bbox 579 1342 746 1419; x_wconf 84' lang='lat'>29.:)</span> <span class='ocrx_word' id='word_1_49' title='bbox 795 1357 857 1399; x_wconf 90' lang='lat' dir='ltr'>et</span> <span class='ocrx_word' id='word_1_50' title='bbox 908 1361 985 1399; x_wconf 84' lang='lat' dir='ltr'>ex</span> <span class='ocrx_word' id='word_1_51' title='bbox 1021 1346 1091 1400; x_wconf 88' lang='lat' dir='ltr'>iis</span> <span class='ocrx_word' id='word_1_52' title='bbox 1136 1363 1298 1425; x_wconf 86' lang='lat' dir='ltr'>quae</span> <span class='ocrx_word' id='word_1_53' title='bbox 1338 1343 1418 1402; x_wconf 88' lang='lat' dir='ltr'>de</span> 
     </span>
     <span class='ocr_line' id='line_1_13' title="bbox 131 1423 1416 1507; baseline 0.003 -23"><span class='ocrx_word' id='word_1_54' title='bbox 131 1429 355 1484; x_wconf 82' lang='lat' dir='ltr'>caussis</span> <span class='ocrx_word' id='word_1_55' title='bbox 411 1423 836 1505; x_wconf 80' lang='lat' dir='ltr'>degenerandi</span> <span class='ocrx_word' id='word_1_56' title='bbox 905 1431 1187 1507; x_wconf 81' lang='lat' dir='ltr'>exposita</span> <span class='ocrx_word' id='word_1_57' title='bbox 1252 1444 1416 1503; x_wconf 84' lang='lat' dir='ltr'>sunt,</span> 
     </span>
     <span class='ocr_line' id='line_1_14' title="bbox 127 1507 1306 1592; baseline 0.002 -23"><span class='ocrx_word' id='word_1_58' title='bbox 127 1509 298 1569; x_wconf 87' lang='lat' dir='ltr'>haud</span> <span class='ocrx_word' id='word_1_59' title='bbox 328 1507 661 1569; x_wconf 77' lang='lat' dir='ltr'>difficulter</span> <span class='ocrx_word' id='word_1_60' title='bbox 689 1510 955 1587; x_wconf 83' lang='lat' dir='ltr'>intelligi</span> <span class='ocrx_word' id='word_1_61' title='bbox 984 1529 1170 1592; x_wconf 86' lang='lat' dir='ltr'>pote1</span> <span class='ocrx_word' id='word_1_62' title='bbox 1173 1530 1306 1572; x_wconf 91' lang='lat' dir='ltr'>unt</span> 
     </span>
    </p>
   </div>
   <div class='ocr_carea' id='block_1_6' title="bbox 127 1676 1418 2184">
    <p class='ocr_par' dir='ltr' id='par_1_6' title="bbox 127 1676 1418 2184">
     <span class='ocr_line' id='line_1_15' title="bbox 258 1676 1409 1761; baseline 0.003 -23"><span class='ocrx_word' id='word_1_63' title='bbox 258 1676 565 1738; x_wconf 80' lang='lat' dir='ltr'>Conferre</span> <span class='ocrx_word' id='word_1_64' title='bbox 597 1677 904 1759; x_wconf 86' lang='lat' dir='ltr'>siquidem</span> <span class='ocrx_word' id='word_1_65' title='bbox 930 1679 1056 1738; x_wconf 86' lang='lat' dir='ltr'>huo</span> <span class='ocrx_word' id='word_1_66' title='bbox 1085 1678 1268 1740; x_wconf 87' lang='lat' dir='ltr'>clima</span> <span class='ocrx_word' id='word_1_67' title='bbox 1308 1680 1409 1761; x_wconf 68' lang='lat' dir='ltr'>(S.</span> 
     </span>
     <span class='ocr_line' id='line_1_16' title="bbox 128 1762 1417 1844; baseline 0.003 -22"><span class='ocrx_word' id='word_1_68' title='bbox 128 1765 277 1836; x_wconf 71' lang='lat'><strong>54.)</strong></span> <span class='ocrx_word' id='word_1_69' title='bbox 313 1763 410 1822; x_wconf 85' lang='lat' dir='ltr'>vel</span> <span class='ocrx_word' id='word_1_70' title='bbox 453 1779 703 1844; x_wconf 79' lang='lat' dir='ltr'>praeter</span> <span class='ocrx_word' id='word_1_71' title='bbox 740 1778 836 1820; x_wconf 87' lang='lat' dir='ltr'>tot</span> <span class='ocrx_word' id='word_1_72' title='bbox 884 1762 1002 1821; x_wconf 87' lang='lat' dir='ltr'>alia</span> <span class='ocrx_word' id='word_1_73' title='bbox 1049 1766 1417 1844; x_wconf 76' lang='lat' dir='ltr'>argumenta</span> 
     </span>
     <span class='ocr_line' id='line_1_17' title="bbox 128 1848 1418 1930; baseline 0.003 -23"><span class='ocrx_word' id='word_1_74' title='bbox 128 1850 458 1930; x_wconf 85' lang='lat' dir='ltr'>Lappones</span> <span class='ocrx_word' id='word_1_75' title='bbox 489 1848 724 1908; x_wconf 84' lang='lat' dir='ltr'>docent</span> <span class='ocrx_word' id='word_1_76' title='bbox 760 1869 904 1906; x_wconf 86' lang='lat' dir='ltr'>cum</span> <span class='ocrx_word' id='word_1_77' title='bbox 928 1851 1238 1930; x_wconf 76' lang='lat' dir='ltr'>Hungaris</span> <span class='ocrx_word' id='word_1_78' title='bbox 1288 1851 1418 1910; x_wconf 88' lang='lat' dir='ltr'>col-</span> 
     </span>
     <span class='ocr_line' id='line_1_18' title="bbox 128 1931 1413 2015; baseline 0.005 -26"><span class='ocrx_word' id='word_1_79' title='bbox 128 1931 257 2006; x_wconf 83' lang='lat' dir='ltr'>lati,</span> <span class='ocrx_word' id='word_1_80' title='bbox 305 1954 467 2015; x_wconf 87' lang='lat' dir='ltr'>quae</span> <span class='ocrx_word' id='word_1_81' title='bbox 496 1934 682 1992; x_wconf 83' lang='lat' dir='ltr'>binae</span> <span class='ocrx_word' id='word_1_82' title='bbox 711 1937 891 1991; x_wconf 92' lang='lat' dir='ltr'>unius</span> <span class='ocrx_word' id='word_1_83' title='bbox 932 1939 1270 1994; x_wconf 83' lang='lat' dir='ltr'>stemmatis</span> <span class='ocrx_word' id='word_1_84' title='bbox 1308 1957 1413 1995; x_wconf 82' lang='lat' dir='ltr'>co·</span> 
     </span>
     <span class='ocr_line' id='line_1_19' title="bbox 127 2016 1413 2102; baseline 0.006 -29"><span class='ocrx_word' id='word_1_85' title='bbox 127 2016 337 2076; x_wconf 84' lang='lat' dir='ltr'>Ioniae</span> <span class='ocrx_word' id='word_1_86' title='bbox 375 2021 544 2076; x_wconf 83' lang='lat' dir='ltr'>vario</span> <span class='ocrx_word' id='word_1_87' title='bbox 588 2017 702 2077; x_wconf 86' lang='lat' dir='ltr'>sub</span> <span class='ocrx_word' id='word_1_88' title='bbox 754 2017 937 2077; x_wconf 88' lang='lat' dir='ltr'>coelo</span> <span class='ocrx_word' id='word_1_89' title='bbox 981 2024 1214 2078; x_wconf 85' lang='lat' dir='ltr'>variam</span> <span class='ocrx_word' id='word_1_90' title='bbox 1260 2042 1413 2102; x_wconf 82' lang='lat' dir='ltr'>quo—</span> 
     </span>
     <span class='ocr_line' id='line_1_20' title="bbox 128 2102 1063 2184; baseline 0.002 -24"><span class='ocrx_word' id='word_1_91' title='bbox 128 2122 257 2184; x_wconf 87' lang='lat' dir='ltr'>que</span> <span class='ocrx_word' id='word_1_92' title='bbox 280 2118 579 2162; x_wconf 88' lang='lat' dir='ltr'>staturam</span> <span class='ocrx_word' id='word_1_93' title='bbox 604 2102 872 2183; x_wconf 85' lang='lat' dir='ltr'>adeptae</span> <span class='ocrx_word' id='word_1_94' title='bbox 899 2119 1063 2163; x_wconf 83' lang='lat' dir='ltr'>sunt.</span> 
     </span>
    </p>
   </div>
   <div class='ocr_carea' id='block_1_7' title="bbox 126 2263 1412 2520">
    <p class='ocr_par' dir='ltr' id='par_1_7' title="bbox 126 2263 1412 2520">
     <span class='ocr_line' id='line_1_21' title="bbox 254 2263 1409 2350; baseline -0.004 -20"><span class='ocrx_word' id='word_1_95' title='bbox 254 2271 470 2330; x_wconf 86' lang='lat' dir='ltr'>Victus</span> <span class='ocrx_word' id='word_1_96' title='bbox 505 2263 603 2346; x_wconf 64' lang='lat' dir='ltr'>(g.</span> <span class='ocrx_word' id='word_1_97' title='bbox 634 2265 776 2340; x_wconf 77' lang='lat'>55.)</span> <span class='ocrx_word' id='word_1_98' title='bbox 815 2287 1074 2348; x_wconf 87' lang='lat' dir='ltr'>quoque</span> <span class='ocrx_word' id='word_1_99' title='bbox 1118 2290 1409 2350; x_wconf 80' lang='lat' dir='ltr'>magnam</span> 
     </span>
     <span class='ocr_line' id='line_1_22' title="bbox 130 2350 1412 2434; baseline -0.004 -21"><span class='ocrx_word' id='word_1_100' title='bbox 130 2374 262 2414; x_wconf 85' lang='lat' dir='ltr'>esse</span> <span class='ocrx_word' id='word_1_101' title='bbox 291 2357 638 2434; x_wconf 89' lang='lat' dir='ltr'>potentiam</span> <span class='ocrx_word' id='word_1_102' title='bbox 678 2350 757 2408; x_wconf 88' lang='lat' dir='ltr'>ad</span> <span class='ocrx_word' id='word_1_103' title='bbox 791 2366 1087 2412; x_wconf 87' lang='lat' dir='ltr'>staturam</span> <span class='ocrx_word' id='word_1_104' title='bbox 1133 2359 1258 2413; x_wconf 86' lang='lat' dir='ltr'>sive</span> <span class='ocrx_word' id='word_1_105' title='bbox 1307 2375 1412 2409; x_wconf 78' lang='lat' dir='ltr'>au-</span> 
     </span>
     <span class='ocr_line' id='line_1_23' title="bbox 126 2437 1410 2520; baseline 0 -24"><span class='ocrx_word' id='word_1_106' title='bbox 126 2438 396 2520; x_wconf 79' lang='lat' dir='ltr'>gendam</span> <span class='ocrx_word' id='word_1_107' title='bbox 435 2441 559 2497; x_wconf 89' lang='lat' dir='ltr'>sive</span> <span class='ocrx_word' id='word_1_108' title='bbox 609 2437 1104 2499; x_wconf 85' lang='lat' dir='ltr'>imminuendam</span> <span class='ocrx_word' id='word_1_109' title='bbox 1164 2439 1410 2520; x_wconf 81' lang='lat' dir='ltr'>physio-</span> 
     </span>
    </p>
   </div>
   <div class='ocr_carea' id='block_1_8' title="bbox 108 2521 1403 2678">
    <p class='ocr_par' dir='ltr' id='par_1_8' title="bbox 108 2521 1403 2678">
     <span class='ocr_line' id='line_1_24' title="bbox 108 2521 788 2606; baseline -0.01 -21"><span class='ocrx_word' id='word_1_110' title='bbox 108 2590 114 2603; x_wconf 16' lang='grc' dir='ltr'>,ι</span> <span class='ocrx_word' id='word_1_111' title='bbox 128 2522 299 2606; x_wconf 80' lang='lat' dir='ltr'>logia</span> <span class='ocrx_word' id='word_1_112' title='bbox 328 2539 544 2605; x_wconf 80' lang='lat' dir='ltr'>aperte</span> <span class='ocrx_word' id='word_1_113' title='bbox 576 2521 788 2581; x_wconf 89' lang='lat' dir='ltr'>docet.</span> 
     </span>
     <span class='ocr_line' id='line_1_25' title="bbox 720 2607 1403 2678; baseline -0.003 -12"><span class='ocrx_word' id='word_1_114' title='bbox 720 2607 775 2666; x_wconf 87' lang='lat' dir='ltr'>R</span> <span class='ocrx_word' id='word_1_115' title='bbox 806 2616 857 2678; x_wconf 50' lang='grc'>,4</span> <span class='ocrx_word' id='word_1_116' title='bbox 1233 2607 1403 2665; x_wconf 78' lang='lat' dir='ltr'>&#39;Hinc</span> 
     </span>
    </p>
   </div>
  </div>
 </body>
</html>
