1721 3041
332 283 446 344 132
490 278 709 342 Ssscmo
733 277 834 336 111.
877 297 956 335 DE
985 296 1232 338 GENEms
1263 299 1416 340 num.

323 457 481 512 tium
526 453 653 511 cuti
698 447 1031 521 simillima,
1109 450 1298 507 etiam
1341 446 1589 509 sublato

319 535 546 597 morbo
575 537 862 617 perennis
887 548 1118 613 perstet
1155 532 1243 605 ly.

447 707 685 767 Verum
741 719 803 762 et
848 705 1180 784 genuinam
1231 700 1592 783 fuligineam
1640 749 1642 751 .

316 791 705 875 nigredinem
735 792 958 870 passim
990 791 1058 845 in
1097 787 1329 846 morbis
1370 785 1594 844 atrabi-

318 877 482 937 lariis
513 878 722 935 critica
757 876 931 954 quasi
951 876 1263 931 metastasi
1288 877 1353 929 in
1382 887 1592 930 cutem

319 962 670 1044 depositam
696 957 899 1031 fuisse,
946 956 1231 1038 exempla
1265 972 1478 1016 extant
1504 956 1587 1025 l).

445 1132 538 1188 Ex
554 1127 698 1187 'bilis
728 1146 877 1187 vero
927 1147 1070 1185 cum
1109 1124 1292 1206 adipe
1333 1103 1594 1183 affinita-

317 1222 493 1287 tem)
519 1213 719 1297 liquet
742 1232 934 1294 porro
960 1210 1141 1290 hujus
1166 1230 1422 1271 ceracea
1445 1231 1594 1293 qua-

1538 1317 1591 1355 Sl

383 1433 441 1501 k)
479 1431 655 1483 videsis
687 1449 733 1482 v.
765 1447 804 1479 c.
845 1426 902 1477 cl.
943 1429 1110 1477 Strack
1150 1427 1494 1478 observationes
1535 1427 1593 1475 de

441 1501 668 1567 febribus
720 1496 1150 1548 intermittentibus
1192 1500 1244 1547 L.
1268 1499 1351 1546 111.
1386 1514 1423 1544 c.
1455 1509 1502 1549 2.
1533 1494 1592 1544 de

451 1572 594 1621 ι’ἑῖενο
619 1584 675 1617 ex
689 1567 831 1631 febre
858 1569 1225 1614 intermittente.

536 1637 686 1686 “violi
701 1636 728 1653 ‘³
757 1635 947 1697 (inquit
976 1648 1081 1697 pag.
1112 1640 1252 1695 194.)
1287 1635 1382 1680 “ex
1405 1630 1493 1682 tali
1526 1633 1590 1680 ic-

449 1720 607 1767 „tero‚
644 1706 790 1753 cutim
818 1700 958 1749 olivet·
990 1698 1190 1758 coloris,
1248 1699 1404 1766 qualis
1446 1699 1588 1748 Asiae

448 1771 658 1840 „populo
686 1787 772 1827 est,
813 1773 1120 1834 imposterum
1147 1767 1428 1818 mansisse.'’

529 1839 689 1902 „alius
717 1842 870 1904 niger,
912 1836 1028 1901 fere
1065 1854 1120 1888 ut
1156 1836 1323 1898 Indus,
1359 1854 1418 1886 ex
1444 1834 1588 1900 febre

452 1909 643 1977 „fufius
677 1909 799 1957 est.''
851 1913 853 1916 ’
928 1913 935 1920 “

532 1976 693 2038 „alius
746 1978 1016 2026 universam
1064 1976 1281 2038 corporis
1324 1975 1471 2022 cutim
1514 1973 1587 2019 ni-

444 2063 635 2113 „gram,
671 2048 808 2110 quasi
838 2060 977 2092 natus
1007 2060 1065 2091 ex
1092 2057 1231 2104 patre
1258 2040 1393 2096 Indo,
1431 2053 1476 2086 et
1493 2037 1589 2087 Eu-

445 2129 652 2177 „ropaea
697 2126 847 2158 matre
886 2125 1023 2166 esset,
1076 2109 1311 2156 retinuit:
1365 2122 1586 2154 manuum

442 2184 621 2243 „etiam
646 2177 773 2228 volas
799 2193 845 2226 et
864 2176 1035 2241 pedum
1062 2175 1251 2242 plantas
1270 2173 1499 2224 similiter
1519 2172 1586 2223 al-

445 2249 563 2312 „bas
589 2245 804 2298 hahuit.''
837 2248 923 2297 ἀς.

379 2346 439 2412 l)
475 2343 558 2396 cfr.
585 2363 634 2400 v.
656 2363 694 2397 c.
726 2347 882 2402 Lorry
916 2342 972 2393 ole
1011 2336 1314 2394 melancholia
1352 2339 1504 2386 Tom.
1538 2337 1578 2387 Ι.

449 2432 557 2484 Pag·
591 2427 707 2479 273.

377 2516 447 2577 m)
485 2532 534 2563 v.
565 2510 625 2563 cl.
648 2514 896 2567 Fourcroy
912 2504 1210 2575 philosophie
1223 2502 1452 2571 chimique
1472 2516 1581 2570 pag.

447 2593 562 2636 111.
