1721 3041
315 302 824 345 DEGENERATmNE
849 303 916 343 m
947 290 1164 346 spncnssz.
1253 309 1370 346 221

100 456 293 530 illata,
341 473 404 515 et
429 459 652 538 passim
677 455 922 537 pridem
951 455 1238 515 iconibus
1277 476 1380 515 ex-

101 543 298 602 hibita
326 548 437 624 q),
486 545 870 601 exactissime
898 557 960 601 et
986 541 1067 600 ad
1091 545 1383 602 amussim

106 627 511 710 respondent.

228 796 384 856 Utut
412 815 564 856 vere
606 813 702 855 res
741 796 871 877 ipsa
916 812 1092 864 extra
1133 817 1389 855 omnem

102 879 565 942 dubitationem
589 884 790 960 posita
817 885 910 953 sit,
960 881 1040 941 de
1071 903 1147 941 eo
1176 898 1391 940 tamen

104 967 314 1026 adhuc
372 965 818 1046 ambigendum
888 965 1063 1046 quo-d
1119 966 1267 1025 inde
1311 966 1391 1025 ab

106 1054 506 1134 Hippocratis
549 1049 944 1130 temporibus
1004 1056 1246 1132 saepius
1300 1073 1393 1109 as-

107 1155 345 1198 sertum
375 1137 664 1217 'legimuffi
709 1134 1057 1214 peculiares
1085 1141 1394 1195 istiusmo-

115 1223 178 1281 di
210 1226 560 1280 craniorum
597 1218 828 1278 formas
871 1220 1078 1278 studio
1121 1227 1395 1301 primum

112 1320 174 1364 et
202 1302 471 1362 artificiis
508 1301 742 1361 effictas
771 1315 834 1360 et
875 1324 988 1383 per
1031 1304 1250 1386 longas
1292 1327 1395 1387 ge-

111 1393 512 1448 nerationum
541 1391 728 1445 seties
770 1391 1162 1448 continuatas
1201 1407 1264 1448 et
1302 1411 1396 1448 ie-

111 1480 366 1557 petitas,
420 1477 716 1572 temporis
758 1495 1088 1554 p10g1essu
1139 1475 1395 1533 demum

112 1559 493 1620 heteditario
536 1564 709 1637 quasi
741 1559 875 1632 jure
920 1578 1219 1619 conflatas
1265 1578 1397 1619 esse

114 1660 184 1704 et
210 1650 275 1703 in
300 1643 561 1702 alteram
593 1658 775 1699 nutui
780 1661 885 1699 am
906 1644 1143 1703 abiisse.

246 1814 433 1874 Extat
468 1815 699 1894 quippe
729 1816 793 1870 in
827 1833 1018 1872 aureo
1051 1816 1399 1894 Hippocra-

122 1902 195 1959 tis
228 1898 532 1980 opusculo
566 1897 739 1980 quod
782 1896 862 1956 de
905 1898 1181 1971 aeribuS,
1224 1903 1400 1980 aquis

120 2002 184 2043 et
208 1985 362 2043 locis
391 1984 764 2056 inscribitur,
813 1983 1062 2043 celeber
1099 1983 1276 2043 locus
1319 1983 1401 2041 de

120 2067 633 2149 *macrocephaliffi
679 2079 876 2148 ponto
912 2072 1156 2127 Euxino
1198 2073 1402 2128 vicina

122 2171 326 2236 gente,
377 2153 454 2210 de
485 2156 837 2233 quaprimo
871 2170 932 2212 et
963 2156 1244 2235 principe
1283 2170 1402 2212 sta—

122 2243 232 2297 tim
273 2237 419 2297 loco
466 2237 734 2310 disserit,
807 2238 952 2297 ideo
1004 2239 1177 2321 quod
1229 2238 1401 2297 nulla

124 2327 383 2383 omnino
411 2321 528 2381 alia
554 2344 703 2404 gens
730 2328 824 2397 sit,
874 2345 1034 2406 quae
1060 2324 1279 2385 similia
1306 2346 1402 2382 ca-

1271 2425 1403 2489 plta

191 2535 254 2594 q)
291 2542 336 2582 y.
369 2544 408 2577 c.
447 2525 496 2575 in
533 2526 785 2578 Mefmoires
826 2526 882 2578 de
919 2526 1100 2582 l'.Aca0l
1139 2528 1216 2578 des
1250 2548 1310 2581 sc.
1350 2527 1407 2578 cle

264 2592 406 2645 Paris
445 2610 591 2663 1740.
632 2597 730 2647 tab.
761 2600 836 2648 16.
872 2599 950 2661 fig,
980 2614 1022 2651 1.
