1721 3041
283 302 422 364 '522
467 299 641 362 SEc‘r.
665 299 769 362 IV.
810 318 950 358 GEN.
979 319 1135 357 HUM.
1167 317 1322 359 sPEC.
1353 320 1556 362 umes.

799 464 863 548 S.
964 490 1067 548 90.

684 601 1177 662 'Conclzcsz'a

425 733 536 792 Est
583 734 751 791 enim
800 748 863 790 et
903 732 1046 791 heic
1081 731 1253 791 idem
1283 732 1587 794 insensilis

299 822 589 876 transitus
620 839 746 898 quo
778 833 840 875 et
866 816 1022 875 aliae
1048 822 1375 877 varietates
1403 835 1473 878 ut
1501 824 1587 878 vi-

300 901 501 961 dimus
534 906 801 956 invicem
831 898 1178 970 confluunt,
1208 915 1270 956 et
1297 907 1422 979 qui,
1459 903 1588 962 001-

295 986 458 1046 latus
486 1005 630 1042 cum
660 986 730 1040 iis
760 1001 924 1064 quae
959 981 1384 1063 superioribus
1410 984 1591 1044 libel-

296 1069 343 1129 li
399 1067 781 1129 sectionibus
843 1066 922 1126 de
978 1071 1203 1126 caussis
1254 1068 1592 1152 modisque

299 1152 727 1237 degenerandi
757 1168 818 1211 et
845 1151 1122 1233 analogis
1153 1151 1589 1233 degeneratio-

297 1246 390 1302 nis
419 1240 869 1321 Phaenomenis
906 1243 970 1296 in
1003 1237 1133 1297 aliis
1167 1239 1610 1314 animantibus

300 1327 658 1386 domesticis
687 1324 998 1405 disputata
1031 1339 1178 1383 sunt
1198 1369 1212 1397 ,
1256 1318 1477 1383 ultimo
1506 1325 1588 1384 ad

301 1433 442 1473 eam
486 1408 963 1471 conclusionem
1010 1408 1212 1482 ducit,
1283 1430 1445 1489 quae
1508 1431 1587 1470 ex:

296 1501 614 1578 principiis
660 1495 1099 1574 physiologicis
1154 1513 1277 1572 ope
1333 1487 1589 1554 criticae

297 1581 670 1660 zoologicac
701 1577 781 1635 ad
816 1576 1166 1636 naturalem
1205 1583 1446 1657 generis
1473 1580 1588 1646 hu-

296 1668 469 1724 mani
487 1664 808 1722 historiam
825 1661 1163 1744 applicatis,
1183 1678 1408 1742 sponte
1433 1664 1589 1724 flue·

295 1770 366 1809 re
412 1749 689 1821 videtur,
755 1750 1011 1806 mellum
1056 1751 1333 1828 inquam
1371 1772 1586 1831 super-

300 1857 428 1893 esse
455 1833 868 1892 dubitationi
893 1835 1109 1891 locum
1138 1836 1324 1913 quin,
1366 1857 1584 1894 omnes

299 1942 386 1978 ac
412 1919 733 2001 singulas,
783 1933 1107 2003 quotquot
1135 1919 1455 1977 hactenus
1486 1925 1583 1978 in-

300 2019 660 2062 notuerunt
687 2005 1026 2066 hominum
1048 2006 1438 2067 varietates,
1483 2006 1582 2063 ad

303 2111 511 2145 unam
556 2091 968 2169 eandemque
1005 2110 1032 2144 s
1059 2109 1099 2165 p
1131 2107 1165 2143 e
1193 2108 1227 2145 c
1251 2091 1272 2147 i
1301 2107 1335 2146 e
1362 2110 1426 2149 m
1468 2111 1577 2147 ve-

302 2172 683 2252 risimillime
715 2173 956 2252 referre
986 2171 1204 2229 liceat.
1502 2191 1506 2194 ’

300 2284 317 2306 ³

1442 2596 1579 2658 TA-
