1721 3041
296 245 423 285 xxu
612 244 799 283 fflDEx
837 244 1274 290 SUPELLECTILIS

427 390 593 449 Tum
612 407 858 475 veroyut
897 407 961 451 et
1002 397 1157 474 grati
1196 396 1383 453 animi
1426 398 1593 455 testi-

297 478 581 535 monium
607 492 775 534 extet
817 496 932 557 pro
971 482 1191 559 insigni
1232 477 1593 538 munificen-

296 564 383 618 tia
401 582 524 642 qua
550 557 894 620 fautoribus
931 579 993 620 et
1020 568 1226 622 amicis
1246 563 1593 645 supellecti-

296 642 423 703 lem
448 644 612 704 hanc
647 645 727 703 ad
752 645 938 705 studii
976 647 1478 729 anthropologici
1503 654 1593 708 in-

297 746 688 791 crementum
717 730 1017 792 hactenus
1049 731 1244 793 ditare
1270 733 1523 814 placuit.

420 898 716 979 Denique
760 914 830 957 ut
873 914 936 956 et
967 914 1179 979 pateat
1221 898 1443 980 quibus
1487 898 1593 955 ad-

296 980 423 1041 huc
452 1002 696 1042 caream
730 998 793 1041 ct
827 982 1050 1063 quibus
1081 983 1301 1056 iidem,
1360 987 1408 1041 si
1448 986 1591 1063 ipsis

295 1066 555 1146 amplius
591 1072 837 1126 occasio
881 1083 944 1125 et
984 1072 1221 1125 animus
1248 1066 1591 1128 benevolus

293 1147 510 1224 fuerit,
560 1172 697 1209 cam
723 1171 915 1230 porro
952 1169 1184 1229 augere
1209 1156 1463 1229 possint.

298 1697 602 1759 CRANIA
628 1700 1162 1760 DIVERSARUM
1190 1696 1584 1760 GENTIUM.

518 1987 752 2038 Selechtm
783 1990 926 2051 huius
954 1986 1280 2048 colleffionis,
1317 1986 1477 2055 quoad
1502 2003 1588 2035 nu-

428 2074 614 2107 merum
654 2069 700 2106 et
741 2061 1019 2107 varietatem
1057 2068 1290 2121 quantum
1340 2058 1481 2105 sciam
1535 2057 1587 2103 in

346 2171 358 2179 ,
427 2143 517 2174 suo
547 2142 719 2187 genere
749 2129 930 2181 unicae,
971 2136 1137 2190 utpote
1163 2125 1239 2172 cui
1269 2141 1422 2191 neque
1448 2126 1587 2172 Cam-

426 2196 530 2260 peri
570 2211 724 2260 neque
765 2198 840 2255 Jo.
876 2195 1083 2243 Hunteri
1121 2189 1296 2239 similes
1341 2190 1586 2239 collectio-

426 2279 507 2311 nes
538 2261 628 2313 hoc
655 2263 871 2329 respectu
910 2263 1175 2327 comparari
1207 2272 1439 2325 possunt,
1492 2270 1584 2307 ter-

426 2332 499 2377 nis
532 2329 785 2378 decadibus
815 2331 1008 2378 uberius
1045 2328 1269 2392 descripsi
1306 2339 1351 2377 et
1392 2327 1586 2379 curatis.

427 2399 558 2446 simis
593 2399 811 2446 iconibus
855 2395 1124 2453 illustravi,
1175 2397 1258 2444 ubi
1281 2396 1345 2444 ,de
1378 2396 1585 2444 occasio-

426 2482 487 2515 ne
513 2476 559 2515 et
588 2467 667 2516 via
690 2483 785 2534 qua
812 2465 1261 2534 quodvislcranium
1288 2463 1346 2513 ad
1374 2481 1450 2514 me
1478 2476 1584 2539 per-

512 2546 517 2550 “
1433 2540 1581 2589 vemt,
