1721 3041
342 327 846 370 DEGENERATIONE
864 332 867 334 ’
883 327 948 369 IN
979 328 1195 372 SPEGIE.
1288 329 1410 389 229

131 481 299 537 enim
367 499 510 538 cum
576 479 989 538 Groenlandis
1058 479 1138 541 acl
1204 499 1402 539 unum

126 562 423 644 idemque
449 580 707 623 stemma
725 568 1056 645 pertinere,
1107 581 1170 625 et
1196 569 1400 644 ipsum

126 669 362 707 nomen
407 670 624 709 eorum
667 648 1038 730 gentilitium
1083 673 1117 707 a
1164 648 1398 709 crudae

129 737 331 795 carnis.
367 754 474 792 esu
527 734 714 818 vulgo
763 733 1057 811 derivari,
1153 733 1400 815 pridem.

126 833 350 879 notum
378 834 486 882 eSt,

250 988 431 1064 Quae
486 990 636 1045 varii
687 1002 974 1045 auctores
1010 987 1090 1064 f)
1133 986 1213 1044 de
1256 987 1396 1044 Cal-

122 1091 492 1133 lnuccorum
511 1070 798 1129 dentibus
828 1071 1194 1143 retulerunt,
1221 1071 1396 1152 quod

121 1156 437 1234 longiores
463 1158 583 1213 sint
609 1172 670 1212 et
694 1159 1031 1214 interstitiis
1059 1155 1396 1233 majoribus

124 1239 413 1311 distincti,
463 1260 553 1311 ea,
600 1255 670 1297 ut
712 1240 965 1299 demum
1008 1245 1228 1320 reperi,
1276 1245 1397 1319 pri-

124 1328 326 1394 Πιίωε,
352 1343 559 1405 neque
581 1338 792 1383 tamen
807 1341 1117 1395 accurate,
1145 1327 1397 1382 evao-

120 1410 212 1469 nis
239 1404 660 1467 Narbonensis
681 1407 891 1470 clerici
917 1407 1241 1480 relatione,
1289 1432 1395 1469 an-

120 1514 203 1552 no
263 1493 418 1565 1243
498 1509 807 1575 concepta
867 1509 929 1550 et
980 1491 1138 1551 infra
1186 1493 1393 1554 adhuc

120 1575 399 1657 pluribus
430 1578 760 1656 tangenda,
791 1578 1149 1651 hauserunt,
1182 1598 1393 1659 neque

124 1683 268 1720 oum
290 1660 746 1723 hodiernorum
770 1662 1216 1740 Mongolorum
1262 1685 1392 1721 cra-

120 1751 233 1810 niis
267 1767 427 1826 quae
460 1749 525 1802 in
575 1745 950 1809 collectione
999 1767 1141 1808 mea.
1192 1767 1392 1824 serVO‚

124 1848 523 1892 conveniunt.

245 1999 421 2058 Aliae
471 2000 745 2081 denique
788 2003 1200 2081 proprietates
1244 1999 1393 2058 den·-

121 2088 278 2146 tium
296 2083 634 2166 gentilitiae
662 2088 848 2156 unice
875 2082 1140 2145 artificiis
1160 2083 1393 2144 deben-

119 2187 251 2241 tur;
327 2185 398 2245 ut
462 2173 527 2226 in
582 2171 960 2249 Nigritarum
1019 2167 1391 2248 quibusdam

119 2253 544 2330 stemmatibus
599 2257 706 2339 qui
749 2253 863 2313 sibi
912 2253 1128 2314 dentes
1176 2253 1393 2312 liman-

1306 2338 1385 2396 do

178 2513 256 2581 f)
292 2512 375 2562 cfr.
403 2533 447 2564 v.
480 2532 518 2566 c.
547 2513 738 2569 Buffou,
774 2513 1004 2565 Erxlebcn
1030 2518 1113 2563 ἃς.

715 2591 761 2647 P
808 2594 843 2650 3
