1721 3041
303 311 807 353 DEGENERATIONE
848 313 912 351 m
934 311 1148 352 spsscuz.
1250 293 1365 354 133

93 468 146 524 si
197 466 465 524 'tinctura
501 466 567 522 in
627 458 809 521 fuscis
850 461 1132 543 gentibus
1163 460 1370 521 obser-

95 565 236 610 vata
271 572 314 606 n
350 595 362 607 .

220 557 381 693 Hissc
410 647 473 691 et
499 636 565 689 ni
599 629 782 690 fallor
820 651 1031 691 caussa
1083 647 1369 712 repeten-
1409 686 1413 687 ⁷

94 717 178 777 da
218 740 326 778 cur
366 733 578 799 gentes
621 721 728 800 qui
768 714 911 774 oleo
961 716 1210 774 animali
1262 738 1366 775 co-

91 808 269 883 piose
296 818 628 861 vescuntur
644 805 733 859 uti
758 822 900 858 eum
917 800 1164 882 adipem
1192 800 1365 860 olent

92 892 177 946 ita
205 903 267 946 et
293 885 538 946 fuscum
570 891 724 947 cutis
754 885 1032 946 colorem
1063 886 1180 944 sibi
1215 906 1363 944 con-

90 972 346 1030 trahunt
381 979 478 1043 o);
528 968 670 1031 cum
706 988 926 1030 contra
956 970 1366 1029 O-taheiten-

89 1077 185 1116 ses
242 1057 653 1136 elegantiores
718 1060 826 1137 qui
873 1054 1106 1136 pallido
1146 1054 1363 1115 colore

91 1162 223 1199 esse
270 1140 553 1212 student,
601 1145 936 1221 quotannis
973 1160 1086 1220 per
1124 1139 1366 1220 aliquot

90 1245 333 1283 menses
399 1228 582 1282 unice
647 1228 958 1303 artocarpi
1012 1222 1221 1282 fructu
1281 1226 1364 1281 vi-

90 1325 254 1379 vant,
322 1311 421 1366 cui
466 1311 697 1388 quippe
738 1313 927 1366 victui
967 1328 1256 1385 magnam
1294 1311 1362 1365 in

90 1390 441 1452 dealbanda
515 1407 659 1450 cute
729 1395 853 1451 vim
917 1390 1200 1450 tribuunt
1251 1398 1357 1473 p),

1165 1498 1360 1560 quan-

156 1652 206 1705 n)
240 1645 290 1692 in
317 1642 618 1708 aethiopibus
650 1653 813 1691 notata
846 1661 870 1692 a
899 1647 942 1704 J.
965 1647 1043 1695 Fr.
1079 1642 1269 1694 Meckel
1312 1644 1362 1691 in

226 1713 442 1760 Histoire
470 1711 525 1758 de
560 1710 825 1760 l'academie
853 1712 932 1760 oles
953 1717 1151 1762 scient-es
1175 1712 1230 1761 cle
1248 1711 1362 1760 Ber-

224 1778 293 1827 lin
331 1796 372 1825 a.
414 1791 552 1839 1753.
592 1794 696 1842 pag.
726 1791 807 1841 92.
861 1791 906 1826 et
935 1796 961 1826 a
1003 1778 1060 1830 cl.
1099 1783 1363 1828 Soemmer-

223 1848 333 1908 ring
367 1843 398 1894 1.
430 1863 469 1894 c.
510 1862 614 1912 pag.
643 1858 723 1909 43.

156 1920 212 1972 ό)
249 1911 667 1962 Groenlandorum
698 1930 744 1962 v.
772 1930 809 1961 c.
845 1912 1027 1962 fuscam
1071 1924 1225 1962 cutem
1261 1929 1358 1960 rna-

222 1984 350 2031 xime
375 1983 524 2029 vieini
554 1998 723 2029 eorum
752 1978 920 2029 oleoso
948 1983 1117 2030 tribuit
1141 1985 1292 2028 Cranz
1311 1983 1361 2028 in

221 2051 438 2099 Historie
472 2067 562 2098 von
600 2047 851 2097 Grb’nlancl
887 2051 953 2096 T.
980 2053 1016 2097 Ι.
1055 2066 1157 2115 pag.
1189 2059 1295 2111 178.

312 2119 382 2165 Ab
410 2134 492 2164 esu
520 2118 717 2183 copioso
745 2114 1038 2164 ferculorum
1072 2133 1127 2164 ex
1160 2115 1357 2165 testudi-

226 2202 285 2233 ne
317 2184 457 2241 myda
482 2197 759 2250 paratorum
806 2196 959 2232 cutem
994 2188 1358 2251 Europaeorum

224 2255 276 2301 in
323 2252 469 2301 Indiis
504 2250 872 2304 occidentalibus
904 2254 1155 2300 flavescere
1191 2251 1359 2302 Sloane

226 2320 397 2368 aufflor
422 2332 505 2369 est.
524 2328 590 2369 'v.
609 2323 679 2381 Εἰ.
706 2337 881 2388 voyage
901 2337 949 2369 to
975 2322 1194 2386 Jamaica
1231 2323 1298 2370 T.
1318 2323 1356 2368 Ι.

226 2386 409 2436 introd.
443 2405 548 2454 pag.
576 2398 650 2445 18.
683 2404 730 2436 et
760 2392 828 2437 T.
847 2393 905 2438 Π.
943 2405 1050 2453 pag.
1083 2403 1197 2449 331.

156 2464 219 2523 p)
258 2474 303 2504 v.
341 2455 552 2517 chirurgi
593 2455 837 2505 Anderson
881 2456 1052 2506 relatio
1090 2460 1140 2504 in
1183 2455 1361 2505 Cook'e

231 2540 409 2592 voyage
435 2541 483 2572 to
510 2523 587 2575 the
621 2523 849 2575 northern
877 2523 1166 2592 hemisphere
1203 2525 1274 2574 T.
1300 2525 1361 2571 ΙΙ.

235 2609 342 2660 pag.
379 2604 488 2659 147.
