1721 3041
293 264 406 328 158
452 265 669 326 Ssscrno
694 268 796 324 ΠΙ.
834 288 914 324 DE
950 285 1198 351 GENEms
1223 291 1378 330 EUM.

281 434 457 496 'dium
505 441 668 495 inter
725 435 1178 508 carbonaceetm
1226 444 1554 501 materiem

281 525 520 603 proprii
547 525 826 601 corporis
869 537 934 580 et
969 542 1110 582 vasa
1148 529 1554 605 perspirantia

284 611 440 665 cutis
489 611 840 665 restitutum
894 623 956 665 et
1012 608 1338 688 epidermis
1387 631 1553 692 quae

283 711 429 750 cum
458 691 740 768 subjecto
772 713 959 750 muco
987 711 1292 773 perpetuo
1327 699 1556 754 sensim
1616 769 1619 773 ἣ
1702 723 1706 727 ·

281 793 347 841 et
378 775 680 834 deteritur
705 792 766 833 et
789 780 1052 835 vicissim
1080 796 1416 838 renovatur
1444 791 1553 838 na*

282 865 472 920 tivam
499 859 853 936 albedinem
884 860 1098 926 denuoi
1119 863 1410 923 induerit.

411 1032 655 1111 Neque,
700 1032 949 1087 mutatis
977 1025 1305 1103 mutandis),
1350 1031 1555 1113 dispar

281 1119 441 1175 ratio
470 1115 714 1172 videtur
737 1111 920 1171 fuisse
945 1118 1010 1171 in
1044 1131 1140 1172 tot
1185 1115 1312 1173 aliis
1360 1118 1558 1177 Euro-

283 1221 589 1282 paeorum
617 1198 912 1279 exemplis
935 1198 1155 1280 quibus
1182 1217 1430 1280 praeter
1449 1225 1557 1261 na-

281 1301 489 1343 turam
530 1286 733 1343 variae
777 1288 1056 1363 corporis
1096 1301 1301 1364 partes
1353 1285 1555 1368 fuligi-

281 1390 439 1445 nosa
471 1366 795 1449 nigredine
823 1367 1094 1426 infectae
1112 1387 1284 1427 sunt:
1307 1387 1557 1451 utpote

282 1475 448 1535 quae
479 1453 696 1512 itidem
724 1452 809 1510 ,ad
842 1452 1215 1512 carbonacei
1260 1453 1556 1514 elementi

283 1542 762 1613 congestionem
791 1535 1024 1594 referre
1054 1537 1286 1597 licebit.
1377 1542 1470 1597 Ita
1494 1561 1551 1598 v.

281 1644 338 1682 c.
376 1615 583 1679 similis
614 1620 875 1699 nigredo
903 1625 967 1678 in
993 1618 1233 1681 feminis
1270 1621 1558 1683 observa-

277 1701 349 1765 ta
407 1723 498 1764 est
564 1725 727 1786 quae
799 1720 1188 1763 menstruum
1255 1706 1558 1767 tributum

283 1811 609 1871 nunquam
663 1787 976 1847 solverant
1023 1797 1117 1860 a).
1246 1796 1339 1851 Ita
1391 1810 1453 1851 et
1489 1798 1556 1852 in

283 1874 415 1935 aliis
441 1873 795 1935 hominibus
821 1874 888 1944 b)
917 1881 1281 1956 praesertim
1304 1877 1558 1938 infimae

1383 1981 1391 1985 ’
1427 1985 1555 2022 sor-

286 2105 289 2108 ⁴
349 2091 406 2156 a)
443 2087 501 2142 cf.
536 2108 584 2140 v.
607 2108 647 2140 c.
679 2092 773 2150 Jac.
804 2093 968 2152 Yonge
995 2092 1043 2139 in
1065 2091 1330 2158 philosoph.
1376 2092 1554 2143 Trans-

417 2159 500 2206 aet.
539 2156 651 2208 Vol.
680 2161 849 2209 XXVI.
883 2173 989 2223 pag.
1008 2173 1121 2222 425.

351 2225 407 2290 b)
443 2228 547 2291 Ipse
592 2228 641 2273 in
678 2224 972 2291 supellecfflle
1007 2230 1273 2278 anatomica
1319 2230 1552 2294 specimen

418 2295 863 2354 integumentorum
903 2295 1172 2345 abdominis
1209 2298 1412 2344 mendici
1443 2308 1553 2345 ante

416 2359 606 2426 aliquot
635 2379 781 2409 annos
809 2363 885 2410 hic
914 2367 1096 2413 mortui
1132 2382 1299 2427 servo,
1340 2364 1549 2425 nigredi-

416 2446 476 2476 ne
507 2443 592 2476 sua
630 2431 707 2477 vix
737 2447 788 2478 ac
813 2447 873 2480 ne
915 2433 996 2482 vix
1036 2434 1231 2501 quidem
1270 2432 1555 2499 aethiopum

418 2498 516 2546 cuti
542 2494 737 2550 ‘cedens.

1379 2570 1555 2636 Copio-
