1721 3041
292 302 715 343 DEGENERANDI
756 303 816 341 1N
859 303 1214 343 UNIVERSUM'.
1271 308 1292 341 1
1312 309 1330 341 1
1353 308 1376 341 t

254 452 509 511 Nullum
551 456 761 533 itaque
823 451 1047 511 animal
1099 453 1224 512 hoc
1291 472 1385 511 re-

127 555 345 619 spectu
365 537 600 596 homini
627 538 1133 617 comparandum,
1165 553 1385 619 utpote

127 627 453 693 omnivoro
515 637 578 679 et
621 621 733 680 sub
786 624 1000 702 quovis
1049 623 1228 681 coelo
1281 622 1386 679 de-

126 711 314 789 genti,
358 723 421 765 et
451 711 728 764 omnium
758 710 1159 765 animantium
1196 708 1386 786 longe

124 796 392 850 maxime
426 807 487 849 et
514 813 550 849 a
571 795 780 872 primis
814 795 904 849 sui
935 796 1175 867 generis
1202 795 1385 849 imtiis

126 875 507 948 domestico;
553 880 618 934 in
652 897 838 958 quem
872 897 1019 958 ergo
1051 879 1261 955 juncta
1301 879 1386 933 vis

128 960 403 1033 climatiS,
451 976 513 1018 et
558 965 784 1034 victUS‚
846 977 907 1020 et
941 966 1102 1021 vitae
1148 963 1389 1042 generis
1450 958 1456 973 ⁸

126 1044 462 1104 diutissime
491 1064 677 1123 agere
706 1044 938 1104 debuit.

254 1294 310 1330 2.
361 1272 607 1330 Contra
645 1292 801 1327 veto
852 1294 1109 1353 qnoque
1152 1296 1389 1332 caussa

126 1355 574 1452 degenerandi
602 1354 773 1411 altas
805 1369 964 1413 saczs
992 1357 1388 1437 efficaxma-

122 1457 255 1499 can
294 1443 421 1496 imo
451 1453 513 1495 ec
541 1438 693 1519 mfi'
694 1444 866 1496 mari
886 1455 1101 1522 potest
1127 1464 1389 1501 accessu

107 1527 413 1582 'aliarum
454 1525 938 1599 eondzczonum,
1002 1548 1266 1607 praese}
1268 1531 1390 1585 cim

122 1613 177 1668 si
221 1612 329 1666 isti
373 1622 700 1688 tanquam
737 1615 1112 1670 contrariae
1149 1615 1388 1671 adver-

123 1706 374 1752 santur.

247 1799 410 1855 Hinc
442 1816 496 1854 v.
537 1815 588 1853 e.
638 1799 858 1875 passim
896 1799 962 1855 in
1002 1801 1196 1857 variis*
1220 1797 1388 1859 orbis

125 1884 439 1961 terraquei
471 1879 663 1959 plagis
692 1885 876 1938 etiam
909 1885 957 1939 si
1002 1882 1114 1941 sub
1161 1882 1389 1942 eodem

122 1965 461 2024 latitudinis
499 1965 950 2044 geographicae
988 1966 1183 2046 gradu
1225 1972 1388 2047 posi-

123 2064 226 2110 tae
251 2053 421 2120 ¹sint,
502 2047 896 2107 diversissima
956 2065 1165 2108 tamen
1230 2056 1389 2110 aeris

121 2137 452 2213 temperies
497 2148 559 2190 et
597 2151 796 2214 aeque
840 2134 1107 2194 diversus
1149 2137 1277 2213 ejus
1324 2153 1389 2195 et

123 2216 387 2280 subinde
413 2214 543 2274 Fere
586 2224 925 2278 contrarius
961 2225 1024 2278 in
1065 2224 1389 2279 animanti-

124 2324 232 2360 um
301 2300 579 2359 habitum
665 2301 923 2364 effeetus
1006 2304 1388 2379 observatur,

123 2401 312 2469 prout
348 2390 471 2444 'sive
494 2386 751 2447 elatiore
776 2394 899 2448 sive
942 2389 1271 2449 humiliore
1313 2394 1389 2448 si-

124 2487 226 2546 m,
272 2486 392 2536 aut
443 2477 660 2552 maris,
721 2491 828 2535 aut
887 2473 1216 2557 paludum,
1281 2489 1389 2534 aut

1208 2579 1386 2620 mon·
