1721 3041
327 297 828 339 DEGENERA'HONE
868 297 932 335 m
959 295 1174 335 SPEcm.
1271 272 1385 334 155

126 468 200 508 ca
225 448 375 508 hine
396 447 566 508 illine
589 447 844 508 maculis
870 445 1146 507 diversae
1157 449 1391 527 magni·

124 533 354 592 tudinis
383 532 820 593 candidissimis
859 531 1174 591 distincta:
1228 549 1393 612 quae

125 638 272 677 vero
304 622 508 677 neutri
540 634 865 690 conflatae,
912 617 1022 675 sed
1055 621 1153 675 isti
1197 613 1392 674 infan-

124 702 219 762 tili
266 719 486 777 aetate,
530 702 678 763 huic
716 717 937 762 contra
971 701 1132 758 -virili
1170 703 1394 775 sensim

126 803 191 846 et
220 808 332 848 sua
355 803 580 871 sponte.
606 787 901 849 subortae
941 784 1207 846 fuerant.

625 965 690 1111 S·
782 1041 880 1112 49·
962 1041 964 1043 ’

128 1161 377 1222 Similes
420 1162 647 1220 coloris
693 1164 967 1220 Catane?
1002 1163 1404 1220 mutationes

566 1248 945 1325 singulares,

253 1376 360 1435 Uti
382 1375 541 1434 haec
568 1395 729 1457 quae
757 1374 951 1434 modo
983 1379 1403 1436 enarravimus

128 1460 414 1541 exempla
469 1464 728 1522 actionis
782 1482 1070 1519 vasorum
1119 1464 1404 1519 minimo-

130 1567 270 1603 rum
299 1549 452 1604 corii
478 1545 558 1602 ad
591 1545 869 1604 colorem
900 1550 1028 1605 cuti
1069 1544 1406 1605 concilian-

131 1629 283 1688 dum
328 1633 678 1710 potentiam
717 1629 1146 1689 demonstrare
1194 1628 1408 1688 viden·
1461 1679 1463 1682 Α

132 1732 266 1785 tur3
336 1719 423 1771 ita
478 1729 540 1773 et
595 1713 715 1772 alia
773 1719 997 1793 passim
1064 1727 1406 1774 occurrunt

130 1799 570 1880 phaenomena
593 1797 719 1856 huc
750 1801 1114 1877 spectantia,
1160 1795 1405 1877 quibus,

131 1889 199 1942 ni
229 1886 492 1963 graviter
514 1880 715 1955 fallor,
764 1902 838 1939 ea
876 1902 1036 1962 quae
1079 1902 1265 1961 supra
1309 1876 1405 1957 (S.

134 1976 236 2038 44.
266 1968 405 2038 45.)
468 1965 546 2024 de
623 1965 1016 2026 carbonaceo
1093 1965 1408 2024 elemento

133 2051 497 2112 abundante
528 2066 592 2109 et
623 2072 810 2109 muco
856 2049 1279 2131 Malpighiano
1319 2052 1410 2106 in-

135 2136 260 2195 fixo
307 2153 606 2216 tanquam
645 2156 857 2196 caussa
900 2140 1185 2216 proxima
1238 2137 1411 2192 istius

138 2220 367 2281 colori-s
404 2223 664 2299 conjeci,
714 2225 961 2303 egregie
1003 2219 1407 2279 illustrantur.

266 2386 493 2447 Refero
533 2389 658 2449 huc
703 2405 848 2450 ante
900 2392 1109 2447 omnia
1147 2385 1412 2467 singula-

141 2494 274 2534 rem
299 2472 525 2534 coloris
554 2468 968 2534 mutationem
1008 2477 1193 2533 toties
1225 2476 1291 2530 in
1326 2468 1412 2526 fe·-

1233 2573 1413 2615 mini-s
