1721 3041
363 294 479 374 198
526 290 747 355 SECTm
774 289 876 352 III.
915 315 994 353 DE
1023 316 1270 356 GENERIS
1310 317 1465 356 HUM.

361 465 742 547 persuadere
772 470 965 546 possis
1006 465 1375 525 alterutrum
1419 488 1640 527 eorum

367 555 556 632 capiti
609 550 940 609 inhaesisse
981 555 1106 610 istis
1139 551 1319 611 simili
1357 551 1436 609 ad
1486 575 1642 634 quo-

366 657 508 694 rum
562 635 845 717 exempla
898 635 1101 695 divina
1149 642 1291 696 artis
1348 641 1644 719 antiquae

370 722 651 780 Graecae
677 742 869 801 opera
895 721 1214 802 exsculpta
1239 739 1399 781 sunt.
1466 726 1644 782 Haec

367 810 628 887 inquam
684 805 896 887 quoad
950 806 1305 887 generalem
1360 808 1644 867 habitum

368 890 555 972 plana
588 906 651 949 et
680 889 1008 948 evidentia.

496 1061 735 1119 Verum
762 1081 797 1115 a
822 1062 1132 1117 curatiore
1160 1064 1514 1120 anatomica
1554 1065 1646 1120 in-

370 1144 596 1225 dagine
627 1149 983 1204 craniorum
1007 1148 1424 1224 genuinorum
1454 1148 1525 1215 h)
1559 1145 1647 1204 di-

371 1250 687 1289 versarum
733 1233 1011 1310 gentium
1060 1229 1397 1309 plurimum
1440 1230 1648 1290 adhuc

369 1315 524 1375 lucis
548 1320 613 1373 in
639 1314 846 1374 studio
894 1318 1201 1374 varietatis
1247 1320 1487 1395 generis
1535 1315 1649 1373 hu-

367 1405 539 1459 mani
551 1400 650 1458 vel
670 1400 815 1458 ideo
833 1416 1166 1478 expectare
1184 1400 1432 1471 licebat,
1453 1399 1647 1480 quod,

372 1509 410 1542 a
436 1485 729 1541 mollibus
770 1500 832 1541 et
873 1483 1465 1541 inconstantioribus
1490 1505 1650 1564 ‘par-

371 1569 538 1627 tibus
576 1568 841 1639 nudata,
887 1565 1135 1622 firmum.
1183 1582 1245 1623 et
1284 1567 1506 1626 stabile
1552 1588 1652 1626 Ca-

372 1657 512 1735 pitis
529 1651 1010 1709 fundamentum
1029 1650 1383 1724 exhibeant,
1403 1668 1463 1710 et
1482 1674 1650 1711 com-

372 1736 567 1796 mode
608 1741 859 1796 tractari
900 1751 962 1793 et
1003 1733 1345 1816 explorari,
1404 1736 1646 1796 diverso

374 1823 490 1882 sub
536 1838 791 1903 aspectu
836 1820 1217 1880 considerari
1271 1837 1334 1879 et
1381 1825 1648 1882 invicem

376 1912 728 1989 comparari
758 1911 1014 1988 possint.

499 2079 680 2134 Patet
714 2077 969 2157 quidem
999 2076 1303 2152 ejusmodi
1331 2097 1651 2156 compara-

372 2166 548 2221 tione
587 2159 817 2219 formas
869 2164 1225 2219 cranicrum
1280 2183 1412 2219 non
1449 2163 1650 2220 minus

373 2269 565 2330 quam
615 2245 859 2305 colores
899 2250 1053 2304 cutis
1100 2262 1209 2304 aut
1253 2245 1399 2306 alias
1441 2246 1650 2322 hujus-

400 2331 404 2334 ’
1462 2329 1651 2396 smodi

443 2460 504 2525 lt)
540 2459 746 2521 Regulas
778 2471 824 2508 et
851 2461 1040 2509 criteria
1085 2461 1260 2527 quibus
1299 2461 1391 2508 hoc
1433 2459 1649 2525 respe&u

508 2530 558 2577 in
593 2528 905 2589 dijudicandis
935 2531 1104 2576 craniis
1138 2540 1268 2584 utor,
1304 2532 1526 2577 enarravi
1554 2526 1681 2576 De-'

510 2597 620 2648 caele
649 2600 807 2664 prima
838 2598 1117 2648 coHea‘lionis
1142 2600 1411 2649 craniorum
1436 2613 1541 2664 pag.
1568 2607 1643 2658 5.*
