1721 3041
271 261 724 302 nEGENEnANm
768 262 828 298 1N
873 246 1226 313 umvssnsunr.
1318 241 1398 320 75

133 428 267 469 tum
319 407 453 470 fieri
502 425 738 491 potest,
802 411 1164 490 praesertim
1209 429 1401 466 mam-

137 494 395 554 malibus
485 510 707 576 utpote
798 494 1036 552 homini
1121 497 1401 553 omnium

132 585 405 656 maxime·
473 579 684 661 quoad
750 582 1187 638 oeconomiam
1267 598 1403 636 cor-

134 682 392 746 poream
460 664 787 737 similibus,
857 662 1226 744 deprompta
1303 683 1406 720 ex-

134 749 340 829 empla
371 747 681 820 sufficiant
713 748 791 807 ad
826 746 1400 818 demonstrandum,

132 832 368 891 nullam
394 834 579 914 plane
611 834 742 892 esse
770 838 835 893 in
864 851 1092 913 genere
1126 830 1404 890 humano

132 923 494 978 varietatem
528 924 815 991 nativam,
857 939 1044 1000 quam
1071 937 1202 974 non
1226 931 1288 973 et
1315 919 1407 973 in-

133 1018 226 1061 ter
258 1002 375 1061 alia
416 1007 751 1061 animantia
805 1002 1148 1061 domestica
1189 999 1407 1058 itidem

137 1102 436 1166 tanquam
463 1108 699 1143 meram
727 1092 1098 1144 varietatem
1136 1084 1408 1165 degene-

138 1169 335 1227 rando
378 1184 581 1225 ortam
621 1168 950 1228 observare
995 1169 1200 1227 liceat.

260 1281 495 1337 Verum
531 1296 592 1336 et
619 1280 778 1338 haec
812 1280 1122 1355 sigillatim
1145 1285 1212 1337 in
1248 1284 1410 1362 capi-

138 1379 200 1424 ta
241 1361 611 1423 distribuere
633 1379 925 1447 praestat.

643 1530 702 1613 §-
802 1557 900 1615 27.

573 1662 593 1697 1
615 1641 638 1714 )
703 1641 756 1699 C
774 1663 810 1697 o
837 1642 914 1698 lo
936 1663 985 1699 r.

268 1745 360 1800 Ita
391 1764 445 1799 v.
476 1762 528 1801 c.
566 1760 853 1822 respectu
889 1746 1115 1801 coloris
1170 1751 1307 1803 sues
1350 1752 1414 1803 in

142 1830 543 1900 Normannia,
599 1827 679 1884 ad
710 1848 894 1885 unam
945 1847 1159 1886 omnes
1204 1828 1413 1901 albam

141 1917 207 1974 in
238 1909 550 1972 Sabaudia
587 1910 800 1994 nigrae
814 1936 830 1985 3
870 1917 950 1971 ‘in
989 1915 1242 1972 Bavaria
1280 1936 1413 1995 spa-

145 1996 361 2056 diceae
402 2011 520 2054 ete.
539 2004 649 2076 y).

267 2113 462 2170 Pecus
493 2109 799 2170 bubulum
826 2116 891 2170 in
932 2114 1252 2194 Hungaria
1287 2111 1415 2193 ple-

146 2216 411 2276 rumque
439 2216 515 2254 ex
545 2200 742 2275 griseo
778 2196 1088 2270 albidum3
1130 2202 1195 2257 in
1231 2199 1415 2256 Fran-

149 2285 332 2341 conia
370 2278 576 2339 rufum
603 2298 718 2342 ete.

1352 2373 1415 2426 in

215 2472 263 2531 y)
286 2466 759 2587 [ξΕΙεοηὶιιηὲἲίεείιηί
786 2474 933 2535 Voigt
962 2472 1207 2540 Magazin‘
1232 2473 1300 2522 T.
1330 2475 1416 2522 VI.

325 2574 336 2589 .
392 2572 401 2588 .
443 2554 548 2604 pag.
576 2553 656 2593 10.
