1721 3041
356 302 377 335 1
397 278 469 336 16
511 275 727 336 SEc'rio
750 275 850 331 ΠΙ.
888 295 967 331 DE
1003 293 1255 333 GENEms
1285 298 1440 336 HUM.

358 451 476 505 tius
532 442 857 502 machinae
912 437 1386 502 fundamentum
1431 450 1625 527 'quasi

361 529 637 612 praebet,
678 542 897 609 utpote
928 533 1143 588 ceteris
1173 528 1450 608 partibus
1465 534 1625 589 simi-

361 614 590 690 laribus
618 629 857 671 tantum
883 635 1014 672 non
1049 613 1331 671 omnibus
1375 614 1455 671 ad
1485 618 1628 673 ossi-

365 721 475 757 um
527 719 724 779 usque
769 697 1109 756 medullam
1153 701 1503 772 intertexta,
1541 702 1627 757 ita

362 789 431 843 in
467 787 693 842 extima
721 785 997 862 corporis
1028 780 1349 863 superficie
1380 787 1445 840 in
1487 803 1628 842 can-

367 867 583 926 didum
611 883 673 925 et
700 883 887 924 tenax
929 870 1423 946 integumentum
1462 887 1629 926 com-

368 972 587 1023 mune,
637 954 882 1008 corium
926 966 1180 1031 nempe,
1242 966 1460 1009 coacta
1500 967 1628 1025 est,

368 1056 496 1118 quo
525 1035 832 1115 reliquum
867 1056 1089 1114 corpus
1126 1033 1393 1092 ambitur
1441 1051 1504 1093 et
1539 1039 1630 1093 in-

363 1120 658 1190 cluditur,
704 1134 767 1175 et
799 1117 970 1199 quod
997 1132 1244 1196 praeter
1269 1116 1404 1191 alia,
1443 1123 1632 1176 maxi-

364 1224 471 1263 me
502 1206 741 1284 ingenti
780 1216 1079 1283 apparatu
1127 1217 1259 1258 tum
1301 1221 1635 1262 nervorum

368 1305 798 1359 cutaneorum‚
843 1302 978 1343 tum
1017 1305 1314 1343 venarum
1359 1286 1634 1386 lympha-

366 1376 648 1443 ticenum,
689 1368 959 1450 denique
988 1389 1137 1428 vero
1182 1385 1245 1427 et
1286 1376 1630 1431 arctissimis

356 1455 898 1534 subtilissimisque
994 1452 1263 1512 reticulis
1350 1469 1635 1514 vasorum

376 1537 686 1620 sanguifel
690 1558 871 1595 orum
908 1554 1122 1596 scatet.

490 1685 624 1747 Illi,
670 1683 845 1741 nervi
878 1679 1130 1755 scilicet,
1179 1687 1350 1742 corio
1389 1703 1637 1744 sensum

366 1772 756 1849 impertiunt,
828 1780 898 1822 ut
950 1782 1149 1826 tactus
1204 1789 1515 1846 organon,
1574 1785 1638 1828 et

372 1857 640 1913 universi
671 1853 950 1932 corporis
984 1855 1157 1933 quasi
1187 1851 1329 1934 vigil
1362 1857 1457 1912 sit.

493 2000 698 2061 Istae,
735 2015 931 2056 venae
959 2017 1187 2076 nempe
1207 1995 1634 2077 lymphaticae,

371 2080 541 2140 idem
581 2085 819 2145 corium
858 2079 1259 2139 resorbtionis
1299 2097 1361 2139 et
1404 2080 1636 2140 inhala-

367 2169 557 2225 ·tionis
580 2167 1056 2223 instrumentum
1082 2161 1333 2224 faciunt.

493 2290 682 2349 Haec
703 2309 850 2347 vero
871 2334 886 2361 ‚
931 2287 1176 2348 vascula
1208 2294 1463 2372 inquam
1495 2313 1631 2350 san-

365 2373 622 2457 -guifera,
667 2378 948 2454 proxime
974 2373 1053 2431 ad
1077 2373 1240 2434 hano
1280 2398 1465 2458 quam
1506 2380 1629 2456 agi-

367 2479 504 2521 mus
533 2458 1037 2540 disputationem
1074 2464 1365 2536 attinent,
1409 2476 1632 2540 utpote

1505 2548 1638 2626 qui-
