1721 3041
343 296 842 360 DEcENERATmNE
873 299 935 336 m
967 298 1179 339 sPEcm.
1277 275 1390 340 125

136 449 213 506 tis
264 448 862 528 integumentorum,
927 448 991 504 in
1036 445 1396 505 abundante

145 531 547 590 carbonaceo
623 532 897 611 corporis
963 529 1217 590 humani
1274 531 1398 590 ele-

137 632 353 675 mento
417 614 837 696 quaerendam
894 635 1153 689 censeo,
1223 612 1397 697 quod

135 721 278 766 cum
318 698 701 779 hydrogenio
744 714 857 779 per
906 702 1145 758 corium
1186 720 1400 759 excer-

133 787 328 857 nitur,
385 786 671 864 oxygenii
732 803 879 842 vero
925 783 1401 864 atmosphaerici

131 887 385 926 accessu
426 873 930 948 praecipitatum,
975 867 1399 949 Malpighiano

131 971 317 1011 muco
355 950 647 1033 infigitur.

262 1083 426 1140 Hinc
486 1081 855 1160 ‘gentilitium
907 1085 1062 1140 cutis
1118 1081 1401 1142 colorem

136 1167 324 1224 etiam
353 1167 492 1244 ipsis
520 1164 907 1243 aethiopibus
934 1186 1065 1223 non
1086 1171 1400 1240 connasci,

136 1248 249 1306 sed
304 1263 447 1327 post
505 1251 887 1308 nativitatem
945 1265 1008 1307 et
1067 1267 1401 1330 postquam

137 1333 583 1390 commercium
622 1329 796 1411 quod
842 1328 1061 1390 foetus
1088 1340 1231 1391 cum
1273 1354 1402 1392 ma-

133 1430 232 1474 tre
274 1414 575 1474 hactenus
635 1412 871 1474 aluerat
925 1415 1235 1494 sublatum
1286 1433 1398 1491 est,

135 1502 310 1559 cze'ris
337 1502 592 1557 excerni
620 1520 879 1560 accessu
910 1505 1165 1583 acquiri,
1209 1506 1399 1562 notis-

135 1605 359 1644 simum
386 1600 495 1644 est.
535 1659 543 1661 -

261 1715 457 1773 Porro
493 1733 640 1773 vero
669 1718 854 1773 etiam
889 1707 1025 1773 tum
1071 1735 1428 1786 secernens

142 1796 226 1856 do
262 1813 395 1856 tum
429 1795 677 1878 figendo
707 1798 1098 1858 carbonaceo
1129 1799 1401 1859 elemen-

137 1898 228 1955 t0,
270 1886 533 1940 accione
559 1883 976 1942 vasculorum
999 1883 1402 1965 sanguifero-

138 1987 285 2024 rum
317 1970 476 2024 corii
504 1963 596 2044 (ἕ.
619 1970 758 2042 42.)
791 1988 945 2048 opus
976 1987 1106 2027 esse
1135 1967 1395 2028 videtur.

216 2122 221 2131 ’
265 2098 403 2156 Hac
441 2099 606 2155 enim
646 2114 754 2156 aut
810 2097 1057 2158 turbata
1105 2114 1214 2157 aut
1272 2118 1400 2158 ces-

143 2197 318 2242 sante
374 2184 584 2241 niveus
625 2200 842 2242 contra
886 2200 1168 2243 naturam
1208 2200 1271 2242 et
1318 2188 1403 2243 vi-

144 2269 337 2325 tiosus
379 2271 598 2347 passim
642 2273 767 2327 cuti
806 2268 1117 2328 inducitur
1166 2267 1404 2327 candor

142 2347 326 2494 {uscis
353 2371 554 2433 aeque
593 2352 946 2416 hominibus
983 2375 1059 2431 ae
1104 2353 1405 2433 aethiopi-

190 2456 277 2495 us.

1235 2550 1415 2610 Con·-
